2988 5084
220 333 356 402 mmm,
371 337 539 401 2,4,1o‚12.
645 377 646 381 ,
701 371 745 380 ..
791 333 836 397 40
880 370 925 380 .-

222 515 270 578 in.
284 513 380 578 rebus
409 512 611 596 operantium
639 510 809 574 mulierum
842 513 985 574 versetur
1017 511 1250 592 sermunculus,
1281 533 1406 594 nempe

223 620 280 702 qui
304 623 353 683 est
375 639 445 682 mos
469 617 655 700 mulierum,
678 617 813 680 alierum
835 637 886 681 res
910 615 1180 700 perstringrmtur.
1224 615 1405 681 Muliebres

223 727 309 789 enim
332 725 367 788 hi
390 722 569 787 mimiambi
591 723 700 788 nescio
725 744 766 786 en
789 721 950 804 quendam
973 744 1050 804 pree
1074 743 1107 786 se
1130 721 1264 786 tulerint
1287 723 1405 787 simili-

222 831 368 895 tudinem
411 829 612 913 dialogorum
649 829 853 892 meretricum
894 825 1076 913 Luciani1),
1117 827 1173 909 qui
1214 827 1405 892 comoediae

223 937 370 1019 exempla
393 938 467 998 ente
492 935 601 999 oculos
624 934 780 998 habuerit.

314 1040 376 1106 Sed
398 1041 529 1123 subicio,
549 1062 630 1123 quae
645 1061 718 1103 cum
731 1040 819 1103 mim.
834 1038 882 1103 Vl
896 1040 977 1103 mihi
996 1039 1217 1122 componendo
1240 1008 1403 1103 videntur.

224 1147 345 1215 Scaena
356 1147 485 1230 quidem
493 1147 603 1211 eodem
611 1149 660 1210 es
669 1168 707 1210 ac
646 1145 866 1210 Theocri
868 1145 949 1209 X.V
956 1143 1070 1231 )Iam
1080 1145 1244 1210 videamus
1253 1146 1403 1230 smgulos

222 1273 347 1319 versus:

312 1383 341 1424 v.
356 1360 390 1422 2ε
751 1357 859 1422 πάντα
882 1359 933 1420 δεῖ
955 1379 994 1437 με
1017 1355 1239 1441 προστάσσειν

375 1465 490 1548 αὐτήν,
515 1467 557 1528 σὺ
582 1462 612 1527 δ’
640 1461 712 1527 οὐδ’
739 1464 777 1528 ἓν
800 1464 851 1546 ἄν,
874 1463 1023 1545 τάλαινα,
1046 1465 1199 1546 ποιήσαις

376 1571 459 1653 αὐτὴ
483 1569 546 1634 ἀπὸ
570 1579 701 1652 σαυτῆς.
792 1569 875 1634 ἀλλὰ
897 1567 1026 1653 τᾶλφιτ’
1053 1567 1096 1652 ἣν
1118 1566 1251 1653 ceroto,

373 1677 413 1740 τολ
435 1674 544 1761 κρῖμν’
573 1675 735 1760 ἀμιθρεῖς.

223 1801 263 1866 ολ.
277 1800 381 1864 Plaut.
397 1797 573 1886 (Menend.)
590 1797 689 1864 Stich.
703 1797 745 1862 58

269 1925 331 2001 Qui
354 1928 463 1988 monet
485 1928 523 1987 ut
546 1927 714 1986 moneatur
737 1943 862 2005 semper
885 1943 992 1986 servos
1015 1921 1114 1984 homo
1139 1921 1281 1986 officium
1305 1943 1400 1985 suom

150 2097 152 2102 ,
267 2029 338 2095 Nec
351 2031 518 2094 voluntate
532 2029 566 2092 id
578 2029 683 2094 fecere
698 2028 854 2110 meminit,
873 2048 980 2092 servos
996 2027 1023 2090 is
1037 2027 1152 2090 habitu
1170 2027 1235 2090 hau
1252 2027 1399 2110 probust.

268 2135 335 2201 Vos
359 2135 551 2200 meministis
575 2138 655 2216 quot
678 2134 817 2198 calendis
841 2136 949 2216 petere
973 2133 1159 2198 demensum
1184 2133 1303 2197 cibum:
1393 2171 1396 2174 -

269 2241 332 2319 Qui
355 2241 461 2305 minus
484 2239 677 2304 meministis
701 2239 788 2322 quod
812 2261 892 2322 opus
913 2241 954 2303 sit
976 2240 1063 2305 fecto
1082 2240 1186 2304 facere
1204 2240 1239 2302 in
1257 2237 1397 2303 sedibus.

313 2385 341 2428 v.
356 2365 390 2428 4:
574 2373 628 2447 μᾶ,
652 2365 748 2438 λίθος
771 2387 831 2446 τις,
855 2364 894 2426 οὐ
920 2363 1024 2446 δούλη

416 2468 453 2534 ἐν
476 2477 516 2556 τῇ
540 2471 626 2555 οἰκίῃ
650 2467 731 2533 κεῑσ’
760 2467 813 2555 (cf.
827 2467 885 2553 IV,
899 2467 957 2556 47)

225 2595 263 2660 cf.
278 2592 445 2677 Aristoph.
459 2593 534 2657 nub.
552 2591 651 2656 1201:

483 2719 517 2781 τί
537 2713 683 2799 κάθησθ’
712 2714 893 2802 ἀβέλτεροι,
916 2753 959 2761 -
984 2713 1117 2801 socom)

313 2865 341 2905 v.
359 2841 413 2904 10:
438 2890 489 2904 ...
508 2839 575 2904 ooo
596 2863 653 2920 μοι
675 2841 786 2924 ταύτῃ.

224 2965 406 3029 Pleniorem
425 2963 546 3046 reperis
564 2963 727 3046 loquelam
746 2963 841 3028 istem
861 2963 946 3045 opud
964 2961 1124 3044 Plautum.
1162 2963 1200 3026 cf.
1215 2960 1305 3028 Asin.
1321 2963 1398 3027 713:
1485 3025 1486 3050 ,

224 3076 321 3154 atque
352 3074 390 3134 ut
418 3070 477 3133 deo
508 3069 553 3132 mi
584 3066 638 3134 hic
669 3068 819 3134 immolas
850 3069 975 3132 bovem.
1014 3067 1136 3152 Captiv.
1155 3067 1220 3132 862
1239 3067 1330 3154 Erga
1361 3073 1398 3134 ut

225 3178 391 3243 sacrifices
424 3174 519 3260 Hegc
544 3175 628 3251 Quoi
651 3175 805 3238 deorum?
838 3174 928 3260 Erg:
951 3173 1034 3239 Mihi
1056 3175 1184 3240 hercle.
1485 3199 1486 3244 ι

314 3299 415 3364 ι.12ι
440 3301 521 3382 φίλη
545 3301 713 3382 Κοριττοι,
736 3297 836 3362 ταύτό
860 3321 917 3378 μοι
941 3299 1041 3381 ζυγὸν
1063 3322 1101 3384 ro
1104 3300 1194 3380 ί.βεις

226 3425 265 3489 cf.
281 3445 360 3488 eom
375 3421 480 3507 ndesp.
495 3422 533 3486 λι.
548 3420 867 3506 524,111.p504K:

226 3691 322 3754 quem
341 3693 468 3734 versum
485 3670 526 3734 ad
541 3671 739 3735 comoediam
762 3674 811 3734 ret
797 3671 888 3734 ttulit
906 3669 1086 3734 Meinekius
1105 3667 1187 3732 Phil.
1205 3668 1307 3754 XXV,
1326 3668 1398 3734 537.

1485 3371 1486 3436 l

462 3545 526 3628 ἐγω
549 3571 584 3611 τε
607 3547 661 3611 κοιλ
686 3549 727 3611 σὺ
751 3547 873 3611 ταύτὸν
896 3545 1033 3627 ελκομεν
1056 3547 1165 3628 ζυγόν,

317 3900 343 3966 1)
362 3897 392 3950 in
407 3897 509 3964 quibus
523 3897 679 3952 meretricis
693 3913 796 3950 nomen
810 3896 931 3950 occurrit
944 3895 1082 3965 Μυρτάλη
1096 3898 1129 3950 ut
1142 3896 1206 3950 Hcr
1221 3896 1242 3964 Ι,
1257 3901 1300 3964 89,
1314 3896 1347 3964 H,
1358 3902 1396 3949 65.
1485 3871 1486 3960 l

317 3988 344 4054 2)
364 3983 398 4038 cf.
415 3983 480 4038 Her.
495 3991 550 4038 v.1
571 3985 702 4054 Κάθησο,
720 3989 845 4054 Μητροῑ·
865 3989 898 4056 τῇ
918 3985 1033 4053 γυναικὶ
1050 3985 1103 4047 θὲς
1120 3980 1224 4053 δίφρον
1243 3987 1273 4039 et
1286 3983 1397 4038 Theocr.
1485 3935 1486 3992 i

225 4072 286 4140 XV,
301 4079 330 4127 2:
361 4069 412 4142 ὅρη
431 4069 549 4142 δίφρον,
568 4073 679 4141 Eboda,
703 4075 789 4148 αὐτᾷ,
809 4079 837 4128 3:
861 4068 987 4137 καθίζει.
1021 4072 1056 4126 ολ.
1072 4089 1196 4142 suprop.
1213 4072 1250 4140 6⁸,
1266 4079 1308 4126 34.
1344 4072 1398 4126 Ista

226 4160 337 4214 videtur
355 4161 443 4215 fuisse
462 4178 564 4216 senens
582 4163 769 4230 muliebrium,
789 4161 839 4230 qui
857 4161 997 4227 dicuntur,
1016 4161 1165 4215 mimorum
1184 4161 1343 4230 Sophronis.

317 4252 344 4317 9)
362 4249 455 4304 Aliter
473 4249 603 4319 Apollod.
632 4251 732 4319 Hecyr.
751 4249 785 4304 fr.
806 4255 831 4317 9,
849 4249 889 4302 [11
907 4267 934 4318 p.
955 4249 1059 4303 284K.:
1093 4250 1126 4304 σύ
1158 4269 1191 4319 με
1222 4249 1398 4304 παντάπασιν

190 4409 194 4416 ἡ
226 4334 330 4406 ἥγησαι
352 4334 451 4406 libore
474 4338 568 4392 Pleut.
583 4339 641 4391 mil.
657 4340 695 4408 gl.
711 4344 776 4392 236:
804 4337 904 4405 Neque
931 4338 1019 4392 hebet
1045 4337 1109 4407 plus
1133 4338 1291 4407 sapientise
1319 4353 1399 4406 quom

226 4425 301 4494 lepis
320 4425 491 4495 ef.v.1024,
510 4427 631 4482 Mostell.
648 4432 725 4481 10⁷3.
