2988 5084
68 315 213 382 Mimm,
234 318 450 383 mearam
559 355 603 362 -
648 316 691 380 33
737 354 781 362 -

69 494 278 560 Praeteriens
297 493 372 558 volo
386 493 545 579 attingere
559 492 646 557 huno
656 491 834 576 Sophronis
847 493 955 557 locum
971 489 1023 579 (fr.
1035 491 1098 556 129
1108 490 1253 578 Kaibel):

70 603 270 683 Δειπνήσας
293 601 460 678 ὠστίζεται
486 609 556 674 τοῖς
577 601 871 684 τρηματιζόντεσσι,
896 598 952 681 qui
978 600 1069 663 locus
1087 599 1255 684 permagni

72 711 164 770 esset
187 704 352 788 momenti,
375 705 403 768 si
430 707 591 769 constaret
619 727 754 788 puerum
778 702 899 768 Gottali
926 705 1064 768 similem
1093 705 1165 788 diei,
1198 705 1254 787 qui

72 817 209 882 cenatus
233 813 317 876 inter
334 812 463 875 aleones
478 813 671 895 versaretur3
695 811 865 876 sedetiam
879 810 1023 874 mulieris
1042 811 1177 875 maritus
1197 815 1254 874 aut

74 918 218 1001 quilibet
241 917 323 981 alius
346 921 454 1000 potest
477 916 661 1002 significari.

168 1047 197 1087 v.
212 1023 268 1086 24:
291 1021 474 1108 τριδημέρῃ
498 1023 649 1108 Μάρωνα
673 1024 951 1108 γραμματίζοντος

292 1139 353 1194 τοῦ
377 1131 500 1214 πατρὸς
523 1129 611 1216 αὐτῷ
630 1129 690 1194 τὸν
712 1130 864 1214 Μάρωνα
887 1127 1041 1212 ἐποίησεν

293 1229 391 1311 οὗτος
413 1239 553 1316 Σίμωνα
577 1236 594 1301 ὁ
618 1237 764 1320 χρηστός.
881 1309 882 1312 ¹

75 1359 118 1422 cf.
133 1356 297 1442 Aristoph.
313 1381 398 1443 vesp.
415 1359 470 1423 97:

240 1465 295 1529 καλ
318 1465 360 1547 νὴ
382 1463 443 1529 Δί’
469 1463 513 1547 ἣν
536 1466 591 1550 alp
615 1463 654 1547 γέ
675 1485 741 1528 που
765 1461 993 1548 γεγραμμένον

240 1570 317 1634 υἱὸν
341 1570 584 1655 Πυριλάμπους
607 1567 644 1633 ἐν
667 1571 759 1654 θύρα
781 1574 918 1652 Δῆμον
940 1571 1076 1653 καλόν,

242 1676 303 1740 ἰὼν
325 1673 517 1760 παρέγραψε
539 1677 681 1758 πλησίον
705 1675 840 1758 ’κημὸς
862 1675 1004 1750 κωλύς’.

169 1796 216 1862 Ut
229 1797 395 1864 Philocleo
414 1797 595 1864 incredibili
613 1799 738 1863 insania
756 1784 889 1863 effeetus
909 1821 1034 1882 semper
1048 1820 1156 1864 seeum
1174 1800 1255 1863 tales

78 1905 292 1990 cogitationes
325 1905 441 1986 volvit,
472 1926 553 1987 quae
585 1904 626 1968 ad
658 1905 775 1968 iudicia
807 1903 983 1988 pertinent3
1014 1905 1116 1989 κημὸς
1148 1910 1255 1969 autem

78 2011 173 2095 ponit
196 2033 255 2094 pro
278 2015 401 2094 Δῆμος,
426 2010 501 2094 quia
524 2010 604 2075 illud
627 2015 751 2094 partem
775 2010 935 2092 quandam
959 2033 1058 2075 urnae
1082 2012 1256 2096 signifieat:

81 2119 130 2182 sie
150 2115 295 2181 Cottalus
318 2138 377 2200 pro
400 2115 533 2182 Marone
555 2116 633 2180 facit
657 2114 830 2200 Simonem,
854 2117 941 2200 quod
964 2117 1156 2180 vocabulum
1175 2119 1258 2180 alea-

80 2245 155 2286 rum
179 2222 299 2286 iactum
324 2222 494 2306 signifieat,
518 2222 557 2286 of.
577 2222 674 2286 etiam
697 2221 820 2286 Eubuli
842 2222 880 2287 fr.
895 2221 947 2302 57,
961 2221 994 2286 II
1008 2245 1038 2306 p.
1056 2222 1118 2286 183
1127 2221 1175 2286 K.

169 2351 197 2392 v.
212 2329 269 2392 28:
293 2329 396 2393 αὐτὸν
420 2329 588 2392 διδάσκω.
605 2379 611 2391 .
628 2379 634 2391 .

294 2431 425 2498 δοκεῦσ’
452 2433 584 2518 άρωγὸν
606 2443 665 2517 τῆς
688 2433 811 2520 άωρίης
833 2431 927 2512 ἕξειν.
1013 2471 1014 2474 ¹
1066 2421 1068 2424 ¹

80 2558 121 2622 of.
141 2580 179 2622 ex
198 2557 329 2623 incertis
348 2557 545 2622 incertorum
563 2553 625 2621 fab.
646 2557 688 2620 38
703 2581 733 2642 p.
751 2557 877 2622 141R⁸2

294 2661 329 2726 Si
352 2684 437 2726 nuno
459 2663 563 2726 redire
586 2667 696 2745 posset
719 2663 759 2726 ad
783 2685 915 2746 superos
939 2667 1038 2747 pater,

294 2767 357 2845 Qui
379 2773 412 2833 te
435 2772 581 2832 tutamen
603 2769 673 2832 fore
697 2771 839 2853 sperarat
861 2769 1002 2833 familiae

293 2873 476 2957 Domuique
500 2873 648 2939 columen

82 3020 163 3080 quae
186 2998 282 3062 matri
305 2999 357 3062 vel
379 2998 567 3084 paedagogo
591 2999 691 3063 tribui
713 3004 857 3082 possunt.

169 3127 198 3167 v.
212 3103 271 3168 48:
295 3105 469 3168 Κοττάλου
479 3153 487 3167 .
497 3154 521 3168 ..

81 3227 128 3292 Ut
163 3227 312 3290 lenonem
352 3227 585 3291 balbutientem
627 3231 660 3291 et
700 3227 912 3292 blaterantem
950 3225 1004 3316 (of.
1037 3227 1256 3316 βατταρίζων)

83 3333 264 3418 Βάτταρον,
288 3336 429 3397 sutorem
443 3333 525 3397 lueri
545 3333 698 3417 cupidum
713 3332 875 3418 Κέρδωνα
893 3333 1077 3418 appellavit,
1096 3337 1142 3399 sie
1160 3337 1257 3400 etiam

82 3439 173 3522 pueri
209 3460 336 3522 nomen,
373 3439 401 3502 si
434 3439 512 3520 quid
544 3439 651 3523 video,
686 3441 811 3504 ratione
848 3439 1065 3524 etymologica
1096 3441 1257 3525 formavit,

84 3547 120 3608 ut
142 3543 257 3608 comici
279 3545 346 3609 iere
363 3543 525 3609 faciebant
544 3541 598 3631 (of.
612 3545 696 3608 infra
709 3567 740 3628 p.
754 3543 826 3632 43);
849 3567 964 3628 nempe
983 3547 1117 3610 aleatori
1139 3569 1258 3612 nomen

87 3647 214 3714 Cottalo
242 3651 360 3715 indidit
392 3649 433 3714 ob
462 3650 705 3715 similitudinem
733 3651 821 3716 voois
848 3653 962 3728 κόττος
990 3649 1078 3739 (inde
1100 3651 1258 3739 κοττίζω),

84 3777 164 3838 quae
188 3757 291 3820 aleam
315 3757 485 3841 signifieat.

170 3884 199 3926 v.
215 3862 271 3926 66:
295 3859 358 3944 ἐγώ
383 3879 420 3926 σε
443 3865 538 3945 δήσω
562 3865 787 3949 κοσμιώτερον
809 3865 932 3950 κούρης

294 3977 451 4033 κινεῦντα
474 3969 557 4052 μηδὲ
580 3970 716 4055 κάρφος.

170 4089 293 4155 Eadem
317 4093 487 4175 proverbia
509 4093 650 4174 respexit
668 4089 903 4177 Aristophanes
917 4093 1050 4178 Lysistr.
1065 4094 1145 4158 473:

216 4195 285 4261 ἐπεὶ
308 4196 398 4262 θέλω
417 4195 483 4280 ’γὼ
507 4200 690 4283 σωφρόνως
714 4200 822 4283 ὥσπερ
846 4201 927 4284 κόρη
951 4207 1133 4283 καθῆσθαι,

216 4307 369 4368 λυποῦσα
391 4302 505 4388 μηδέν’
533 4301 664 4388 ἐνθαδί,
688 4314 828 4370 κινοῦσα
851 4305 934 4390 μηδὲ
957 4307 1091 4393 κάρφος.

85 4406 211 4472 Monuit
226 4406 357 4474 Orosius
378 4410 495 4477 Uolero.
510 4431 542 4493 p.
559 4411 608 4474 16.

993 4519 1008 4567 a
