2988 5084
180 318 183 326 '
238 334 384 388 niman.
711 289 761 381 ¹-
808 335 852 399 44
897 374 941 382 .-

239 513 302 590 Qui
320 535 475 578 manuum
495 534 625 576 suarum
645 534 741 596 opera
757 513 922 576 simillima
936 510 1090 578 Cerdonis
1109 514 1310 578 enarratione
1330 535 1421 579 com·

238 623 403 684 memorat.
436 616 539 693 Quam
562 618 683 682 fuerint
705 619 889 700 frequentes
912 620 947 682 in
969 641 1053 684 nova
1072 619 1238 685 comoedia
1256 621 1419 684 eiusmodi

238 748 402 810 personae,
424 725 488 808 ipsi
510 724 694 788 fabularum
717 725 806 788 tituli
829 725 958 808 docent,
981 727 1071 790 velut
1094 727 1259 808 Σκυτεύς,
1283 731 1417 810 Στεφα-

238 833 422 908 νοπώλιὸες
454 830 588 913 Eubuli,
626 833 783 914 Τοκιστής
814 829 1006 914 Nicostrati,
1039 835 1205 915 Κονιατής
1232 830 1418 915 Amphidis,

239 939 431 1022 Λνροποιός
449 935 616 1019 Anaxilae,
638 938 677 1000 al.
714 935 930 1001 Notissimum
949 942 1057 1002 autem
1076 942 1126 1002 est
1144 939 1183 1002 de
1201 937 1416 1022 piscariorum

239 1045 424 1129 arrogantia
439 1044 495 1126 qui
508 1044 733 1126 lamententur,
753 1065 847 1126 saepe
864 1065 882 1107 a
897 1044 1028 1108 comicis
1043 1045 1160 1110 induci.
1187 1043 1416 1108 Memorabiles

239 1153 314 1214 sunt
340 1149 376 1213 hi
399 1147 596 1232 Antiphanis
619 1171 729 1213 versus
753 1147 805 1236 (fr.
824 1149 899 1232 218,
917 1149 950 1214 Π
968 1172 998 1233 p.
1020 1150 1081 1213 107
1101 1147 1160 1236 K):

400 1291 440 1355 οὐ
464 1291 579 1356 δεινόν
602 1288 671 1355 ἐστι
694 1291 909 1375 προσφάτους
932 1291 993 1375 μὲν
1016 1290 1059 1356 dv
1081 1293 1164 1377 τύχῃ

399 1402 520 1461 πωλῶν
542 1419 592 1472 τις
617 1397 726 1480 ἰχθῦς,
750 1399 981 1480 συναγαγόντα
1003 1399 1061 1473 τὰς
1084 1397 1192 1482 ὀφρῦς

398 1511 519 1567 τοῦτον
542 1503 825 1587 σκυθρωπάζοντα
847 1502 884 1567 θ’
911 1505 991 1587 ἡμῖν
1014 1509 1224 1588 προσλαλεῖν,

399 1608 458 1674 ἐὰν
480 1611 629 1692 σαπροὺς
651 1609 772 1694 κομιδῇ
797 1608 843 1692 (λε’,
866 1611 1001 1687 παίζειν
1016 1607 1071 1674 ααλ
1094 1615 1209 1692 γελᾶν;

326 1767 383 1833 Bis
407 1771 515 1832 autem
537 1767 654 1832 horum
673 1767 881 1852 propolarum
906 1770 1053 1852 exempla
1076 1769 1269 1852 expressisse
1287 1769 1418 1832 videtur

238 1874 499 1938 mimiamborum
523 1875 674 1957 scriptor,
698 1877 840 1938 sutorem
865 1877 897 1938 et
920 1875 1055 1939 ficorum
1079 1877 1262 1959 propolam,
1286 1875 1313 1938 si
1337 1875 1417 1956 quid

241 1979 430 2070 concludere
444 1979 521 2044 licet
531 2001 547 2043 e
558 1977 615 2044 On.
624 1978 721 2044 Metti
735 1980 925 2064 fragmentis
939 1981 990 2044 his
1005 1977 1161 2066 (Macrob.
1172 1985 1230 2046 sat.
1245 1978 1301 2063 ΙΠ,
1318 1982 1368 2063 19,
1380 1980 1418 2064 53

238 2084 357 2150 Buech.
377 2108 407 2168 p.
423 2085 476 2168 69,
499 2083 587 2149 Orus.
608 2083 740 2172 89s90):

451 2225 491 2290 In
513 2227 645 2290 milibus
669 2230 719 2290 tot
741 2248 808 2290 non
830 2226 983 2292 videbitis
1006 2249 1163 2312 grossum.

453 2332 568 2397 Sumas
592 2333 632 2396 ab
656 2333 720 2396 alio
744 2335 827 2398 lacte
851 2334 981 2398 difflues
1004 2355 1142 2419 grossos.

240 2491 356 2556 Verbis
374 2514 442 2556 non
459 2491 566 2556 minus
585 2493 748 2556 atrocibus
766 2494 822 2556 ille
840 2494 926 2576 apud
939 2491 1108 2556 Alexidem
1127 2496 1304 2576 emptorem
1323 2493 1418 2575 pellit

240 2597 291 2685 (fr.
310 2599 361 2682 16,
379 2596 411 2662 Π
429 2621 460 2682 p.
476 2595 615 2684 303K.):
644 2591 682 2662 ‘cd
703 2597 791 2680 ’ταν,
825 2599 905 2681 λαβὲ
931 2597 986 2663 καλ
1018 2600 1062 2683 μὴ
1094 2599 1206 2678 παῖζε’.
1253 2599 1417 2684 ρτοσουδί,

238 2704 446 2790 παρατρεχε’.
500 2703 545 2768 Et
575 2703 655 2768 haec
686 2704 815 2787 quidem
838 2705 936 2769 verba
964 2709 1039 2769 sunt
1067 2707 1177 2770 cetarii
1205 2705 1354 2788 alicuius3
1382 2709 1417 2770 at

238 2811 324 2875 idem
347 2807 459 2875 Alexis
479 2811 518 2874 de
536 2811 672 2877 ficorum
695 2810 840 2894 propolis
864 2815 1022 2876 memorat
1044 2811 1082 2874 fr.
1105 2811 1177 2896 128,
1195 2810 1228 2876 Π
1245 2835 1275 2896 p.
1295 2811 1360 2876 343
1375 2810 1416 2874 K.
1491 2835 1492 2838 ¹

880 2954 916 3016 οἳ
936 2952 1067 3016 κάτωθε
1090 2953 1151 3036 μὲν

310 3119 312 3123 .
396 3058 437 3121 τὰ
459 3058 585 3142 σκληροὶ
607 3054 663 3122 ναὶ
686 3059 841 3142 μοχθηρὰ
862 3069 931 3122 τῶν
954 3059 1066 3124 σύκων
1089 3057 1140 3123 ἀεὶ

394 3162 557 3247 vlodoare,
581 3163 739 3247 ἐπιπολῆς
762 3164 800 3228 δὲ
823 3163 951 3228 πέπονα
973 3163 1028 3229 καλ
1051 3165 1143 3229 καλά.

396 3265 461 3334 εἷθ’
491 3268 508 3333 ὁ
532 3269 594 3352 μὲν
616 3267 740 3334 ἔδακεν
763 3271 807 3345 ὡς
830 3269 954 3334 τοιαῦτ’
982 3270 1172 3354 ὠνούμενος

395 3378 503 3459 τιμήν,
528 3373 546 3439 ὁ
570 3373 601 3438 d'
628 3373 773 3458 ἐγκάψας
795 3377 833 3440 τὸ
856 3374 950 3460 κέρμ’
976 3379 1023 3451 εἰς
1046 3376 1107 3459 τὴν
1129 3375 1262 3460 γνάθον

395 3478 474 3565 ἐρίν’
504 3479 645 3545 ἀπέδοτο
670 3489 755 3546 σῦκα
777 3487 901 3546 πωλεῖν
924 3481 1069 3565 ὀμνύων.

238 3639 278 3704 In
300 3641 358 3703 illo
382 3640 482 3725 igitur
503 3640 702 3723 mimiambo,
726 3662 821 3724 quem
840 3638 974 3704 Mattius
997 3641 1141 3704 imitatus
1165 3643 1222 3724 est,
1245 3661 1418 3723 personam

239 3745 385 3810 Herodes
408 3747 603 3810 tractaverat
621 3768 638 3809 e
653 3746 820 3810 comoedia
834 3747 1044 3810 notissimam.
1081 3743 1191 3810 Addas
1210 3745 1307 3809 etiam
1326 3746 1418 3828 illud,

241 3851 329 3934 quod
351 3856 388 3916 ut
411 3853 547 3935 propola
565 3848 711 3916 Alexidis
739 3851 786 3916 sic
805 3849 907 3916 Cerdo
931 3873 1059 3938 quoque
1083 3851 1199 3936 omnia,
1222 3874 1303 3935 quae
1331 3850 1419 3937 dicit,

239 3957 461 4022 iureiurando
481 3957 658 4022 confirmat.
681 3955 735 4044 (cf.
754 3980 783 4022 r.
803 3956 925 4044 30sq.).

300 4121 304 4126 .
329 4061 433 4127 Venio
462 4062 502 4126 ad
530 4084 580 4146 ea,
609 4085 690 4146 quae
719 4065 759 4128 ad
789 4065 934 4149 singulos
964 4085 1075 4128 versus
1107 4062 1188 4128 mihi
1220 4063 1420 4127 observanda

240 4190 308 4234 esse
332 4169 442 4233 vident
482 4219 489 4232 .

328 4317 357 4358 v.
378 4293 411 4356 6:
507 4296 676 4357 Πίστε...

240 4418 367 4492 Πίστος
399 4417 483 4480 servi
506 4438 627 4481 nomen
650 4415 736 4499 apud
758 4413 979 4500 Antiphanem
1009 4415 1061 4504 (fr.
1081 4416 1133 4500 68,
1152 4417 1182 4500 3,
1200 4414 1277 4500 Hp.
1297 4416 1338 4480 38
1354 4397 1419 4502 K).
