2988 5084
719 307 939 370 „30-

735 589 833 654 Mim.
852 587 909 653 ΙΙΙ.

326 713 365 778 In
400 716 496 780 tertio
535 715 675 778 carmine
711 715 877 778 mulierem
914 713 1038 778 inducit
1073 711 1220 776 Herodes
1256 711 1414 796 magistro

237 822 415 904 nequitiam
438 823 530 904 pueri
553 825 810 903 conquerentem.

325 926 394 992 Iam
421 927 545 1012 pridem
574 925 687 992 Graeci
716 927 755 991 de
781 927 956 990 liberorum
987 925 1175 990 educatione
1204 923 1415 1006 disputabant

237 1039 269 1098 et
306 1034 421 1098 comici
457 1035 520 1097 hoc
555 1035 662 1116 ipsum
699 1037 924 1118 argumentum
961 1032 1245 1115 amplectebantur.
1304 1027 1415 1112 Atque

236 1140 472 1204 vetustissimos
501 1139 630 1220 quidem
658 1143 879 1221 praeceptores
911 1139 998 1201 fama
1030 1137 1212 1202 celebrabat
1239 1135 1415 1200 Chironem

237 1251 269 1310 et
292 1245 419 1328 Linum,
443 1266 580 1328 quorum
604 1245 685 1334 alter
703 1243 873 1328 Achillem,
897 1245 978 1308 alter
996 1243 1168 1308 Herculem
1192 1247 1292 1307 artem
1316 1243 1417 1305 musi-

238 1375 308 1417 cam
338 1353 484 1416 docuisse
513 1351 637 1414 dicitur.
688 1349 903 1434 Aptissimum
927 1354 1035 1414 autem
1058 1350 1240 1414 comoediae
1264 1348 1416 1432 praebuit

236 1462 462 1543 argumentum
477 1456 641 1540 Hercules,
660 1457 782 1542 ingenii
800 1457 950 1521 tarditate
970 1461 1002 1520 et
1020 1456 1126 1520 taedio
1146 1455 1289 1520 discendi
1306 1459 1416 1535 notus,
1473 1469 1474 1472 ’

236 1565 292 1647 qui
311 1587 329 1628 a
347 1563 430 1627 Lino
449 1564 638 1646 instituitur,
662 1586 680 1626 a
704 1585 768 1647 quo
791 1565 947 1647 magistro
966 1563 1115 1627 fabuloso
1135 1560 1280 1625 Alexidis
1303 1560 1415 1624 fabula
1473 1553 1474 1606 ἕ

235 1692 354 1734 nomen
389 1671 501 1754 traxit,
539 1672 629 1736 cuius
663 1671 750 1753 quod
782 1671 880 1733 fuerit
916 1673 1155 1754 argumentum,
1193 1669 1286 1731 etiam
1327 1687 1415 1730 nunc
1473 1743 1474 1760 ,

236 1777 388 1862 cognosci
410 1781 525 1860 potest.
1473 1775 1474 1780 ’

328 1881 426 1966 Apud
445 1881 625 1946 Diodorum
644 1883 729 1946 enim
753 1882 891 1967 legimus
916 1879 960 1968 (3,
980 1880 1050 1967 67):
1074 1883 1224 1946 Λίνον..
1241 1880 1413 1962 ,μαθητάς
1473 1945 1474 1982 ,

236 1998 329 2072 σχεῖν
359 1990 518 2071 πολλούς,
549 1987 829 2072 ἐπιφανεστάτους
859 1989 896 2052 δὲ
927 1998 1029 2072 τρεῖς,
1054 1985 1217 2072 Ἡρακλέα
1252 1987 1414 2069 Θαμύραν

235 2093 290 2159 καὶ
306 2093 436 2180 Ὀρφέα.
470 2097 598 2160 τούτων
613 2097 650 2160 δὲ
664 2097 723 2159 τὸν
736 2095 797 2176 μὲν
807 2092 971 2179 Ἡρακλέα
989 2095 1174 2179 κιθαρίζειν
1197 2093 1413 2174 μανθάνοντα

237 2203 292 2265 διὰ
314 2203 376 2284 τὴν
398 2211 455 2284 τῆς
478 2211 584 2286 ψυχῆς
611 2203 801 2286 βραδύτητα
824 2202 867 2282 μὴ
892 2201 1060 2264 δύνασθαι
1088 2198 1243 2277 δέξασθαι
1270 2200 1332 2282 τὴν
1354 2199 1414 2279 μά-

235 2314 349 2391 θησιν,
372 2305 478 2372 ἔπειθ’
505 2308 570 2372 ὑπὸ
588 2317 648 2371 τοῦ
667 2309 774 2371 Λίνου
798 2311 938 2388 πληγαῖς
962 2304 1197 2388 ἐπιτιμηθέντα
1217 2306 1413 2388 διοργισθῆ-

236 2438 292 2477 ναι
310 2415 365 2477 καλ
383 2421 423 2499 τῇ
445 2413 571 2498 κιθάρᾳ
593 2413 652 2476 τὸν
672 2413 874 2476 διδάσκαλον
897 2410 1083 2488 πατάξαντα
1107 2411 1307 2491 ἀποκτεῖναι,
1331 2431 1412 2492 quae
1473 2489 1474 2498 ρ

236 2541 387 2604 magnam
414 2523 538 2602 partem
567 2541 606 2582 ex
635 2517 799 2582 comoedia
827 2517 1018 2601 deprompta
1045 2539 1113 2582 esse
1136 2515 1280 2580 Kochius
1309 2520 1409 2599 putat.

236 2625 353 2688 Exstat
368 2627 465 2688 etiam
479 2625 698 2710 fragmentum
712 2621 886 2688 Alexideae
899 2623 1037 2708 fabulae,
1056 2645 1120 2706 quo
1134 2622 1235 2686 Linus
1250 2622 1412 2685 inducitur

237 2730 402 2794 alumnum
436 2753 530 2794 suum
562 2731 665 2794 literis
698 2731 853 2794 imbuens.
909 2729 1064 2794 Hercules
1097 2729 1294 2811 admonitus,
1326 2733 1363 2791 ut
1395 2749 1411 2790 e
1473 2737 1474 2746 ’

235 2836 354 2899 libellis
383 2859 483 2899 unum
511 2837 573 2899 sibi
601 2836 734 2920 deligat,
762 2835 968 2918 ὀψαρτυσίαν
991 2835 1173 2919 prehendit3
1200 2836 1277 2898 hinc
1300 2833 1411 2897 Linus:
1473 2899 1474 2910 ,

236 2941 327 3006 Alex.
341 2942 379 3005 fr.
397 2939 558 3024 135,11p.
574 2941 696 3005 345K.:
828 3026 831 3032 Ι

878 3031 1064 3113 φιλόσοφός
1085 3053 1136 3104 τις
1158 3024 1198 3111 εἷ,

450 3135 664 3220 adenrodae
687 3134 801 3220 παρεὶς
824 3145 968 3200 τοσαῦτα
991 3136 1163 3219 γράμματα

453 3245 565 3323 Σάμον
586 3241 706 3325 τέχνην
728 3245 850 3324 ἔλαβες.

236 3381 337 3447 Vanis
357 3384 458 3468 igitur
476 3389 508 3448 et
526 3384 580 3448 hic
599 3383 745 3468 indulget
766 3387 803 3447 ut
822 3381 977 3447 Oottalus.
1015 3381 1164 3446 Ceterum
1182 3383 1319 3445 fortasse
1338 3385 1412 3444 ante

236 3487 406 3554 Alexidem
430 3491 534 3554 simile
557 3491 708 3554 tractarit
726 3494 953 3576 argumentum
971 3487 1213 3552 Anaxandrides
1237 3488 1271 3550 in
1293 3487 1414 3571 fabula,
1473 3479 1474 3488 ἒ

237 3617 317 3678 quae
328 3593 492 3681 Ἡρακλῆς
510 3595 704 3678 inscribitur,
727 3596 783 3659 ubi
797 3595 942 3660 Koclxius
961 3597 1040 3660 haec
1058 3595 1191 3658 adnotat
1211 3591 1257 3678 (II
1271 3616 1301 3676 p.
1319 3591 1412 3677 144):

237 3703 379 3766 αι’άεκλκν
402 3703 461 3766 εἶαρ
478 3702 574 3782 pueri
601 3703 682 3766 artis
709 3703 844 3766 musicae
865 3702 1014 3782 ικαρτεάν
1036 3702 1072 3764 ia
1095 3701 1296 3782 discabltaom
1320 3699 1412 3780 tradi,

237 3829 367 3889 qaorum
391 3808 468 3871 alter
490 3809 519 3872 α’
541 3827 725 3889 magnopere
741 3807 904 3891 ρνρθαλνν,
927 3807 1005 3870 alter
1025 3808 1158 3887 fortasse
1176 3805 1324 3869 Hercules
1341 3806 1413 3886 fait.

238 3914 441 3997 Quantopere
461 3913 587 3978 doricae
607 3913 790 3977 comoediae
805 3917 917 3976 auctor
936 3914 1064 3998 gavisus
1084 3913 1126 3976 sit
1144 3911 1241 3975 hilari
1260 3903 1292 3976 et
1309 3912 1412 3974 faceta

237 4020 451 4102 descriptione
474 4020 609 4083 heroum
634 4039 707 4082 cum
730 4020 877 4102 aliorum,
900 4023 970 4082 tum
993 4018 1131 4081 maxime
1150 4016 1332 4102 Herculis¹)
1357 4016 1411 4099 qui

237 4126 432 4208 meminerit,
459 4125 533 4189 inde
567 4125 756 4208 deprompta
784 4146 852 4188 esse
882 4124 938 4187 illa
968 4128 1157 4209 argumenta
1189 4121 1411 4206 suspicabitur,

329 4321 355 4387 1)
375 4317 409 4371 cf.
420 4317 518 4370 titulos
529 4316 692 4385 Epicharmi
706 4316 879 4369 fabularum:
896 4313 1036 4384 Ἡρακλῆς
1050 4315 1064 4370 ὁ
1080 4315 1159 4383 παρὰ
1171 4312 1257 4385 Φόλῳ,
1273 4310 1411 4380 Ἡρακλῆς

237 4407 251 4460 ὁ
273 4407 318 4460 ἐπὶ
337 4406 386 4460 τὸν
405 4410 538 4474 ζωστῆρα.
