2988 5084
266 317 375 386 Miml,
395 322 475 384 58sq.
748 357 792 365 ...
840 321 881 383 16
927 358 969 364 .-

355 481 540 562 lncredibili
572 518 647 560 vero
681 497 868 562 assiduitate
896 499 1093 563 comicorum
1121 498 1251 561 iuvenes
1279 497 1372 558 lenas
1400 493 1462 556 vel

265 605 398 668 lenones
420 604 561 668 lacrimis
585 603 708 667 obortis
731 605 836 667 solent
859 624 986 689 rogare,
1009 608 1046 667 ut
1073 607 1197 668 amatae
1226 602 1287 666 sibi
1315 601 1459 684 copiam

266 711 395 774 faciant.
403 708 427 794 ¹)
461 711 500 774 cf.
514 709 618 773 Plaut.
634 708 760 774 Guronl.
778 710 854 773 137:

481 833 577 897 Lena.
606 833 806 897 Phaedrome
829 835 884 916 mi,
907 856 947 898 ne
971 835 1063 917 plora
1086 834 1209 897 amabo.

267 958 392 1023 Terent.
407 957 537 1022 Phorm.
552 956 631 1021 520:

312 1083 410 1147 Leno.
442 1081 514 1166 Ego
542 1086 575 1145 te
603 1083 778 1165 compluris
806 1082 978 1146 advorsum
1001 1083 1167 1167 ingenium
1191 1103 1299 1144 meum
1323 1080 1457 1144 mensis

1282 1187 1345 1251 tuli

312 1294 552 1359 Pollicitantem
567 1299 599 1358 et
613 1295 660 1358 nil
673 1295 839 1377 ferentem,
853 1296 997 1380 flentem,
1016 1316 1102 1359 nunc
1116 1297 1228 1358 confisa
1243 1295 1352 1357 omma
1366 1293 1457 1356 haec
1481 1271 1482 1292 ¹

312 1399 454 1486 Repperi
477 1402 534 1484 qui
558 1401 612 1465 det
635 1423 739 1484 neque
761 1403 927 1466 laornmet.
1479 1389 1482 1498 p

360 1524 482 1589 ‘Perire
510 1547 619 1589 amore
646 1526 798 1590 alicuins'
827 1528 879 1590 vel
907 1527 1028 1590 similes
1059 1525 1239 1590 locutiones
1273 1524 1453 1588 sescenties
1481 1503 1482 1512 ἵ

268 1633 355 1716 apud
387 1633 528 1696 comicos
558 1632 696 1714 indeque
726 1633 813 1716 apud
843 1633 923 1696 alios
954 1654 1082 1716 quoque
1115 1635 1227 1714 poetas
1259 1627 1452 1715 repones²):

269 1738 307 1802 cf.
323 1737 448 1802 Terent.
464 1734 641 1823 (Menand.)
656 1737 793 1820 Adelph.
808 1737 887 1802 332:

315 1863 371 1943 qui
394 1862 462 1924 sine
485 1862 547 1925 hac
569 1861 697 1925 iurabat
720 1884 754 1924 se
777 1884 878 1925 unum
901 1883 1078 1944 numquam
1101 1863 1262 1926 victurum
1287 1857 1414 1944 diem.³)

359 1983 508 2048 Ceterum
527 2006 600 2049 cum
619 1989 689 2049 tota
709 1983 845 2068 Gyllidis
865 1987 1008 2050 oratione
1028 1986 1173 2051 conferas
1190 1984 1334 2068 Scaphae
1348 1984 1450 2048 verba

269 2093 304 2156 in
326 2090 435 2154 Plauti
462 2091 674 2175 Mostellaria,
701 2092 818 2176 quibus
847 2093 995 2156 similiter
1021 2097 1118 2176 atque
1146 2093 1203 2156 illa
1230 2092 1449 2156 constantiam

270 2219 342 2262 erae
366 2195 463 2282 (quae
487 2198 616 2280 quidem
639 2200 792 2262 meretrix
815 2197 871 2285 sit)
895 2199 1088 2264 labefactare
1112 2199 1219 2262 studet
1237 2221 1266 2262 v.
1283 2198 1360 2261 186:

316 2320 365 2386 Sc,
398 2321 558 2404 Equidem
582 2323 639 2405 pol
661 2324 761 2386 miror
776 2374 782 2386 .
798 2374 804 2386 .
820 2374 826 2386 .
841 2327 874 2386 tc
889 2374 896 2386 .
912 2373 918 2386 .
934 2374 941 2386 .
957 2323 1088 2420 stultam
1113 2323 1211 2386 stulte
1234 2322 1347 2386 facere.

315 2445 450 2510 Philem.
474 2444 560 2520 Quin
582 2468 686 2530 mone,
710 2468 838 2529 quaeso,
862 2449 889 2511 si
913 2447 991 2529 quid
1014 2469 1092 2511 erro.

317 2568 432 2652 Scaph.
460 2569 509 2633 Tu
532 2573 658 2634 ecastor
685 2593 779 2654 erras,
803 2593 885 2654 quae
908 2572 1038 2655 quidem
1057 2573 1150 2636 illum
1174 2574 1322 2654 expectes
1345 2591 1444 2632 unum

1127 2683 1223 2761 atque
1246 2677 1295 2740 illi

316 2781 439 2845 Moram
463 2784 634 2866 praecipue
658 2786 704 2848 sic
727 2806 818 2868 geras
842 2788 939 2866 atque
962 2784 1043 2848 ahos
1066 2805 1251 2867 asperneres
1266 2833 1271 2845 .
1288 2831 1316 2846 ..

316 2905 425 2968 v.194
444 2904 527 2968 Phil.
572 2905 659 2970 Nolo
687 2928 748 2991 ego
776 2908 857 2970 milri
889 2908 973 2970 male
1004 2911 1050 2990 tc,
1084 2905 1222 2991 Scapha,
1254 2907 1444 2990 praecipere.

1075 3012 1124 3077 Sc.
1140 3010 1272 3076 Stulta’s
1286 3015 1387 3096 plane,

318 3116 406 3192 Quae
425 3118 517 3182 illum
536 3119 598 3184 tibi
617 3125 783 3184 aeternum
802 3126 896 3204 putes
909 3122 979 3185 fore
994 3122 1133 3185 amicum
1148 3124 1181 3184 et
1194 3119 1442 3183 benevolentem.

317 3222 434 3288 Moneo
459 3245 519 3308 ego
543 3228 588 3290 te:
612 3231 644 3290 te
667 3228 722 3289 ille
747 3227 870 3290 deseret
894 3231 998 3291 aetate
1022 3232 1054 3291 et
1078 3227 1233 3290 satietate.

364 3420 390 3486 1)
409 3417 479 3470 (lum
497 3416 627 3470 Herodae
649 3417 711 3471 loco
734 3419 830 3486 potest
853 3419 1011 3486 comparari
1028 3417 1078 3470 ille
1096 3417 1257 3484 Plautinus,
1282 3433 1336 3484 quo
1360 3416 1442 3470 militi

274 3505 600 3575 commenticia·puellae
620 3506 761 3560 desideria
780 3509 809 3559 et
828 3507 950 3575 suspiria
969 3507 1178 3573 describuntur,
1206 3505 1265 3559 Mil.
1280 3504 1348 3575 glor.
1364 3510 1440 3558 1031:

1163 3594 1325 3648 Lamentari

401 3683 443 3736 ait
460 3683 541 3736 illam
558 3684 698 3751 miseram,
718 3685 838 3737 cruciari
857 3687 886 3738 et
903 3685 1107 3738 lacrumantem
1126 3699 1156 3736 se
1175 3682 1319 3737 adflictare

401 3771 468 3838 quie
487 3771 524 3823 tis
544 3774 635 3840 egeat,
655 3773 723 3840 quia
741 3773 771 3825 te
790 3774 893 3825 careat.

365 3881 392 3946 2)
411 3877 501 3930 Plaut.
517 3877 600 3932 Mero.
616 3883 677 3932 444,
715 3877 825 3933 Terent.
840 3879 926 3932 Andr.
943 3885 1003 3946 311,
1019 3884 1079 3947 322,
1095 3884 1154 3932 347.

366 3968 392 4034 3)
411 3965 607 4020 BeneOrusius
618 3967 727 4021 confert
737 3967 818 4021 Ovid.
830 3967 906 4020 Artis
917 3984 970 4022 am.
981 3968 1002 4035 I,
1018 3973 1126 4034 365sq.,
1138 3967 1187 4019 ubi
1203 3967 1238 4019 de
1249 3966 1437 4020 conciliatricis

276 4070 361 4123 opera
379 4055 592 4122 praescribitur:

464 4197 467 4204 ⁴
490 4143 567 4197 Tum
580 4144 615 4198 de
633 4148 662 4199 te
681 4148 784 4214 namet,
802 4149 863 4200 tum
881 4145 1081 4214 persuadentia
1099 4144 1183 4198 verbe

543 4232 640 4286 Addat
658 4236 687 4287 et
705 4235 805 4288 insano
824 4235 898 4295 iuret
917 4249 1010 4287 amore
1029 4233 1108 4286 mori.

277 4331 393 4393 Ovidius
412 4339 545 4392 nimirum
563 4339 720 4409 elegiacum
738 4341 879 4408 quendam
897 4341 1030 4395 hocloco
1050 4340 1195 4409 expressit,
1214 4339 1260 4392 cui
1278 4355 1333 4392 non
1349 4338 1435 4407 ignota

278 4431 338 4481 erat
357 4428 502 4482 comoedia
520 4445 630 4498 graeca
668 4429 702 4482 cf.
719 4446 803 4499 supra
817 4448 844 4499 p.
861 4435 893 4482 12
909 4430 972 4484 adn.
988 4437 1015 4485 4.
