2988 5084
226 343 553 412 nummatam
710 383 752 392 -
798 346 842 410 42
887 384 932 393 .-

226 525 268 588 de
291 523 422 588 senibus
445 522 623 606 loquuntur
645 522 749 587 Plaut.
768 521 885 588 Bacch.
907 523 1006 588 1129:

274 646 411 711 Vetulaa
434 650 509 710 sunt
532 645 638 711 minae
661 646 783 711 ambae.
830 645 913 711 Son:
935 645 981 711 At
1007 647 1126 711 bonas
1149 646 1270 712 fuisse
1298 649 1407 712 eredo.

230 787 330 853 1135:
353 787 524 871 Enemase,
547 789 682 871 quanti
704 789 819 852 fuere.

226 896 268 960 ef.
287 893 382 960 Most.
404 894 467 958 199
497 891 591 980 (anus
619 892 792 981 loquitur):
815 894 904 959 vides
933 916 1027 977 quae
1057 895 1140 958 sim:
1164 899 1200 960 et
1228 916 1323 978 quae
1346 895 1407 958 fui

224 1004 323 1065 ante.

316 1147 345 1188 v.
361 1123 416 1188 60:
533 1151 536 1157 ¹
653 1122 732 1189 οὐδ’
755 1123 797 1188 ἂν
821 1133 925 1189 σῦκον
948 1123 1075 1188 εἰκάσαι
1099 1125 1188 1212 σύκῳ

316 1279 323 1294 .
431 1227 519 1314 ἔχοις
541 1228 583 1294 ἂν
606 1228 702 1293 οὕτω.

226 1369 401 1455 Comparat
421 1369 551 1436 Crusius
574 1375 689 1455 poetae
713 1371 879 1436 cuiusdam
897 1393 1008 1436 versus
1029 1393 1110 1454 quos
1130 1373 1270 1436 servavit
1290 1370 1404 1438 Cicero

228 1474 349 1563 (Atace,
359 1478 388 1561 8,
399 1474 448 1564 2):

374 1679 377 1686 ι
440 1602 541 1688 σύκῳ,
564 1602 608 1682 μίι
630 1602 692 1685 τὴν
714 1605 885 1686 Δήμητρα,
909 1610 1013 1666 σῦκον
1036 1601 1116 1666 οὐδὲ
1138 1601 1176 1666 ἓν

440 1706 545 1783 οὕτως
568 1707 685 1788 ὅμοιον
707 1705 854 1790 γέγονεν.

315 1872 344 1913 v.
361 1848 415 1913 75:
541 1851 637 1932 κοίην
661 1847 690 1912 δ’
718 1849 758 1913 ού
782 1850 996 1933 προσήγαγον
1019 1855 1163 1914 πειθοῦν

441 1954 539 2042 αύτςῖκ
562 1959 716 2039 φιλοῦσα,
739 1955 775 2018 τὸ
800 1954 974 2040 φαλακρὸν
996 1965 1183 2037 καταψῶσα,

440 2062 568 2143 γλυκὺν
591 2072 681 2125 πιεῖν
703 2057 853 2144 ἐμχεῦσα,
876 2063 1099 2139 ταταλίζουσα.

224 2199 380 2266 conferas
421 2206 602 2266 scortorum
643 2202 818 2267 blanditias
861 2203 947 2286 apud
982 2203 1187 2268 Xenarchum
1225 2200 1403 2288 (Pentathl.

224 2307 264 2372 fr.
283 2308 314 2394 4,
335 2305 404 2394 13):

440 2411 537 2478 αὐταί
560 2415 728 2497 βίαξονται
751 2415 813 2499 γὰρ
838 2413 1026 2479 εἰσέλκουσί
1046 2437 1090 2497 τε,

439 2521 519 2596 τοὺς
541 2520 602 2600 μὲν
626 2519 783 2605 γέροντας
805 2521 904 2597 ὄντας
926 2518 1182 2600 ἐπικαλούμεναι

440 2624 637 2712 πατρίδιαῑ)
769 2695 771 2700 ,

225 2765 359 2831 Crusius
383 2763 523 2852 (Uetera.
537 2791 567 2851 p.
585 2765 663 2853 123)
687 2768 812 2832 confert
838 2767 942 2832 Plaut.
966 2767 1053 2831 Trin.
1077 2767 1194 2850 243sq.
1218 2771 1250 2831 et
1273 2765 1406 2832 Ττυοιιλ.

225 2873 348 2956 253sq.
393 2872 567 2938 Muliebres
595 2873 772 2937 blanditiae
800 2875 886 2956 apud
913 2872 1101 2957 Ephippum
1130 2895 1258 2956 queque
1287 2873 1407 2938 deseri-

225 2980 348 3044 buntur
372 2977 424 3066 (fr.
440 2979 469 3064 6,
483 2977 516 3043 II
530 3002 560 3064 p.
575 2976 716 3064 254K.):

485 3103 595 3168 ἐπειτοί
618 3101 654 3187 μ’
677 3101 826 3186 εἰσιόντ’,
850 3101 909 3167 ἐὰν
932 3104 1139 3184 λυπούμενος

484 3211 567 3298 τύχῃ
589 3232 640 3284 τις
662 3209 766 3292 ἡμῶν,
789 3207 1007 3273 ἐκολάκευσεν
1029 3208 1143 3292 ἡδέως,

484 3312 664 3398 ἐφίλησεν.
680 3365 686 3378 .
701 3362 719 3397 .,
742 3309 812 3396 sisa,
835 3315 1102 3398 παρεμυθήσατο.

719 3613 816 3678 Mim.
835 3612 906 3678 VH.

316 3754 497 3840 Septimum
526 3755 655 3838 quidem
684 3777 812 3820 carmen
835 3759 968 3838 excepto
996 3753 1098 3818 altero
1129 3753 1210 3818 mihi
1241 3757 1408 3838 praestan-

224 3862 388 3928 tissimum
399 3884 467 3927 esse
476 3862 616 3926 videtur:
630 3865 697 3925 tam
713 3861 791 3925 saite
802 3864 943 3924 sutorem
952 3863 1049 3943 poeta
1059 3861 1185 3924 effinxit
1200 3859 1407 3945 garrientem,

226 3969 446 4051 cursitantem,
460 3949 534 4032 eum
549 3968 648 4032 servis
658 3967 826 4050 rixantem,
840 3988 961 4031 meroes
971 3965 1219 4050 praedicantem,
1234 3965 1406 4050 iurantem,

226 4074 417 4140 mulieribus
436 4073 630 4157 adulantem,
653 4077 721 4137 tam
739 4073 867 4158 egregie
887 4072 996 4136 omnia
1014 4073 1205 4156 composuit,
1228 4075 1265 4135 ut
1283 4072 1336 4135 vel
1354 4071 1406 4156 iis,

317 4269 343 4335 1)
361 4262 512 4334 πατρίδιον
539 4263 585 4333 (cf.
608 4264 752 4332 Aristoph.
776 4279 852 4331 vesp.
876 4266 939 4332 986)
968 4263 1164 4318 ἐπικαλεῖσθαι
1187 4289 1221 4308 =
1244 4258 1406 4330 πατερίζειν

225 4353 421 4424 (ef.Ariatoph.
431 4369 509 4422 vesp.
520 4355 595 4424 θοῆς
614 4352 690 4407 idem
700 4352 771 4405 mihi
780 4351 891 4406 videtur
901 4351 1059 4422 significare
1068 4348 1224 4415 ταταλίζειν
1233 4351 1279 4420 (ef.
1290 4349 1406 4404 Orusius

230 4443 336 4500 Uaters.
350 4461 378 4512 p.
394 4445 464 4511 124).
