<?xml version="1.0" encoding="UTF-8"?>
<!DOCTYPE html PUBLIC "-//W3C//DTD XHTML 1.0 Transitional//EN"
    "http://www.w3.org/TR/xhtml1/DTD/xhtml1-transitional.dtd">
<html xmlns="http://www.w3.org/1999/xhtml" xml:lang="en" lang="en">
 <head>
  <title>
</title>
<meta http-equiv="Content-Type" content="text/html;charset=utf-8" />
  <meta name='ocr-system' content='tesseract 3.04.00' />
  <meta name='ocr-capabilities' content='ocr_page ocr_carea ocr_par ocr_line ocrx_word'/>
</head>
<body>
  <div class='ocr_page' id='page_1' title='image "./herodasinmimiam00krakgoog_0029.png"; bbox 0 0 2988 5084; ppageno 0'>
   <div class='ocr_carea' id='block_1_1' title="bbox 230 299 924 367">
    <p class='ocr_par' dir='ltr' id='par_1_1' title="bbox 230 299 924 367">
     <span class='ocr_line' id='line_1_1' title="bbox 230 299 924 367; baseline -0.007 -15"><span class='ocrx_word' id='word_1_1' title='bbox 230 299 352 367; x_wconf 75' lang='lat' dir='ltr'>Mimn,</span> <span class='ocrx_word' id='word_1_2' title='bbox 373 305 415 367; x_wconf 86' lang='lat'>19,</span> <span class='ocrx_word' id='word_1_3' title='bbox 431 304 473 366; x_wconf 71' lang='lat' dir='ltr'>aa,</span> <span class='ocrx_word' id='word_1_4' title='bbox 489 305 568 366; x_wconf 71' lang='lat' dir='ltr'>arsq.</span> <span class='ocrx_word' id='word_1_5' title='bbox 708 339 745 346; x_wconf 79' lang='grc'><strong>-</strong></span> <span class='ocrx_word' id='word_1_6' title='bbox 795 301 838 365; x_wconf 79' lang='lat'>24</span> <span class='ocrx_word' id='word_1_7' title='bbox 883 339 924 347; x_wconf 71' lang='grc'>-</span> 
     </span>
    </p>
   </div>
   <div class='ocr_carea' id='block_1_2' title="bbox 232 475 1409 565">
    <p class='ocr_par' dir='ltr' id='par_1_2' title="bbox 232 475 1409 565">
     <span class='ocr_line' id='line_1_2' title="bbox 232 475 1409 565; baseline 0 -23"><span class='ocrx_word' id='word_1_8' title='bbox 232 483 402 544; x_wconf 87' lang='lat' dir='ltr'>excusatur</span> <span class='ocrx_word' id='word_1_9' title='bbox 424 477 574 565; x_wconf 81' lang='lat' dir='ltr'>(Philem.</span> <span class='ocrx_word' id='word_1_10' title='bbox 590 479 620 560; x_wconf 87' lang='lat'>6,</span> <span class='ocrx_word' id='word_1_11' title='bbox 638 477 757 541; x_wconf 90' lang='lat' dir='ltr'>Herod.</span> <span class='ocrx_word' id='word_1_12' title='bbox 773 475 844 564; x_wconf 76' lang='lat'>79);</span> <span class='ocrx_word' id='word_1_13' title='bbox 869 479 976 542; x_wconf 87' lang='lat' dir='ltr'>omnia</span> <span class='ocrx_word' id='word_1_14' title='bbox 995 478 1196 561; x_wconf 72' lang='lat' dir='ltr'>permittimt</span> <span class='ocrx_word' id='word_1_15' title='bbox 1216 479 1291 542; x_wconf 91' lang='lat' dir='ltr'>dum</span> <span class='ocrx_word' id='word_1_16' title='bbox 1310 478 1409 542; x_wconf 90' lang='lat' dir='ltr'>modo</span> 
     </span>
    </p>
   </div>
   <div class='ocr_carea' id='block_1_3' title="bbox 231 583 1478 774">
    <p class='ocr_par' dir='ltr' id='par_1_3' title="bbox 231 583 1478 774">
     <span class='ocr_line' id='line_1_3' title="bbox 231 583 1478 682; baseline -0.002 -32"><span class='ocrx_word' id='word_1_17' title='bbox 231 587 401 669; x_wconf 84' lang='lat' dir='ltr'>pecuniam</span> <span class='ocrx_word' id='word_1_18' title='bbox 424 585 591 667; x_wconf 90' lang='lat' dir='ltr'>accipiant.</span> <span class='ocrx_word' id='word_1_19' title='bbox 638 583 721 648; x_wconf 85' lang='lat' dir='ltr'>Vide</span> <span class='ocrx_word' id='word_1_20' title='bbox 744 583 879 648; x_wconf 89' lang='lat' dir='ltr'>Philem.</span> <span class='ocrx_word' id='word_1_21' title='bbox 901 583 952 668; x_wconf 84' lang='lat'>15,</span> <span class='ocrx_word' id='word_1_22' title='bbox 970 583 1045 648; x_wconf 89' lang='lat' dir='ltr'>Her.</span> <span class='ocrx_word' id='word_1_23' title='bbox 1070 584 1123 667; x_wconf 84' lang='lat'>83,</span> <span class='ocrx_word' id='word_1_24' title='bbox 1142 588 1174 648; x_wconf 90' lang='lat' dir='ltr'>et</span> <span class='ocrx_word' id='word_1_25' title='bbox 1198 606 1279 667; x_wconf 89' lang='lat' dir='ltr'>quae</span> <span class='ocrx_word' id='word_1_26' title='bbox 1303 583 1410 649; x_wconf 89' lang='lat' dir='ltr'>dicam</span> <span class='ocrx_word' id='word_1_27' title='bbox 1477 623 1478 682; x_wconf 67' lang='lat'>,</span> 
     </span>
     <span class='ocr_line' id='line_1_4' title="bbox 232 687 720 774; baseline -0.002 -20"><span class='ocrx_word' id='word_1_28' title='bbox 232 692 317 754; x_wconf 90' lang='lat' dir='ltr'>infra</span> <span class='ocrx_word' id='word_1_29' title='bbox 336 715 365 774; x_wconf 92' lang='lat' dir='ltr'>p.</span> <span class='ocrx_word' id='word_1_30' title='bbox 387 691 428 754; x_wconf 77' lang='lat'>28</span> <span class='ocrx_word' id='word_1_31' title='bbox 454 691 493 754; x_wconf 90' lang='lat' dir='ltr'>ad</span> <span class='ocrx_word' id='word_1_32' title='bbox 518 689 593 753; x_wconf 87' lang='lat' dir='ltr'>Her.</span> <span class='ocrx_word' id='word_1_33' title='bbox 609 687 649 773; x_wconf 87' lang='lat' dir='ltr'>H,</span> <span class='ocrx_word' id='word_1_34' title='bbox 670 690 720 754; x_wconf 79' lang='lat'>79.</span> 
     </span>
    </p>
   </div>
   <div class='ocr_carea' id='block_1_4' title="bbox 231 807 1221 1356">
    <p class='ocr_par' dir='ltr' id='par_1_4' title="bbox 231 807 1221 1356">
     <span class='ocr_line' id='line_1_5' title="bbox 323 807 1221 898; baseline 0 -20"><span class='ocrx_word' id='word_1_35' title='bbox 323 837 351 878; x_wconf 86' lang='lat' dir='ltr'>v.</span> <span class='ocrx_word' id='word_1_36' title='bbox 369 815 423 878; x_wconf 83' lang='lat'>19:</span> <span class='ocrx_word' id='word_1_37' title='bbox 608 815 758 898; x_wconf 78' lang='grc' dir='ltr'><em>δωρεὴν</em></span> <span class='ocrx_word' id='word_1_38' title='bbox 782 815 844 898; x_wconf 78' lang='grc' dir='ltr'>γὰρ</span> <span class='ocrx_word' id='word_1_39' title='bbox 869 811 946 878; x_wconf 80' lang='grc' dir='ltr'><strong>οὔθ’</strong></span> <span class='ocrx_word' id='word_1_40' title='bbox 974 807 1072 889; x_wconf 82' lang='grc' dir='ltr'><em>οὗτος</em></span> <span class='ocrx_word' id='word_1_41' title='bbox 1093 817 1221 898; x_wconf 81' lang='grc' dir='ltr'><strong><em>πυροὺς</em></strong></span> 
     </span>
     <span class='ocr_line' id='line_1_6' title="bbox 446 917 1198 1005; baseline 0.001 -22"><span class='ocrx_word' id='word_1_42' title='bbox 446 918 560 985; x_wconf 74' lang='grc' dir='ltr'><em>δίδωσ’</em></span> <span class='ocrx_word' id='word_1_43' title='bbox 588 917 744 1005; x_wconf 48' lang='lat' dir='ltr'>diffidato</span> <span class='ocrx_word' id='word_1_44' title='bbox 768 917 836 984; x_wconf 81' lang='grc' dir='ltr'><strong>οὔτ’</strong></span> <span class='ocrx_word' id='word_1_45' title='bbox 864 917 928 1002; x_wconf 82' lang='grc' dir='ltr'>ἐγὼ</span> <span class='ocrx_word' id='word_1_46' title='bbox 952 920 1053 983; x_wconf 78' lang='grc' dir='ltr'><em>πάλιν</em></span> <span class='ocrx_word' id='word_1_47' title='bbox 1076 922 1198 1003; x_wconf 81' lang='grc' dir='ltr'><strong><em>κείνην.</em></strong></span> 
     </span>
     <span class='ocr_line' id='line_1_7' title="bbox 231 1045 577 1128; baseline -0.006 -20"><span class='ocrx_word' id='word_1_48' title='bbox 231 1045 293 1108; x_wconf 89' lang='lat' dir='ltr'>His</span> <span class='ocrx_word' id='word_1_49' title='bbox 316 1045 454 1128; x_wconf 88' lang='lat' dir='ltr'>adiunge</span> <span class='ocrx_word' id='word_1_50' title='bbox 476 1067 505 1108; x_wconf 85' lang='lat' dir='ltr'>v.</span> <span class='ocrx_word' id='word_1_51' title='bbox 522 1045 577 1106; x_wconf 78' lang='lat'>79:</span> 
     </span>
     <span class='ocr_line' id='line_1_8' title="bbox 437 1166 1190 1252; baseline -0.003 -20"><span class='ocrx_word' id='word_1_52' title='bbox 437 1166 514 1252; x_wconf 80' lang='grc' dir='ltr'><strong><em>ἐρᾷς</em></strong></span> <span class='ocrx_word' id='word_1_53' title='bbox 537 1168 599 1248; x_wconf 78' lang='grc' dir='ltr'>μὲν</span> <span class='ocrx_word' id='word_1_54' title='bbox 622 1171 701 1243; x_wconf 74' lang='grc' dir='ltr'><em>ἴσως</em></span> <span class='ocrx_word' id='word_1_55' title='bbox 723 1167 918 1252; x_wconf 74' lang='grc' dir='ltr'><strong><em>Μυρτάλης·</em></strong></span> <span class='ocrx_word' id='word_1_56' title='bbox 942 1168 1043 1231; x_wconf 79' lang='grc' dir='ltr'><strong>οὐδὲν</strong></span> <span class='ocrx_word' id='word_1_57' title='bbox 1067 1169 1190 1248; x_wconf 79' lang='grc' dir='ltr'><em>δεινόν,</em></span> 
     </span>
     <span class='ocr_line' id='line_1_9' title="bbox 437 1271 1185 1356; baseline -0.001 -19"><span class='ocrx_word' id='word_1_58' title='bbox 437 1272 501 1356; x_wconf 81' lang='grc' dir='ltr'>ἐγὼ</span> <span class='ocrx_word' id='word_1_59' title='bbox 526 1273 563 1337; x_wconf 74' lang='grc' dir='ltr'>δὲ</span> <span class='ocrx_word' id='word_1_60' title='bbox 586 1283 716 1356; x_wconf 78' lang='grc' dir='ltr'><em>πυρῶν·</em></span> <span class='ocrx_word' id='word_1_61' title='bbox 740 1282 843 1337; x_wconf 79' lang='grc' dir='ltr'><strong><em>ταῦτα</em></strong></span> <span class='ocrx_word' id='word_1_62' title='bbox 868 1273 948 1348; x_wconf 79' lang='grc' dir='ltr'><em>δοὺς</em></span> <span class='ocrx_word' id='word_1_63' title='bbox 971 1271 1068 1337; x_wconf 80' lang='grc' dir='ltr'><strong><em>ἐκεῖν’</em></strong></span> <span class='ocrx_word' id='word_1_64' title='bbox 1096 1271 1185 1349; x_wconf 78' lang='grc' dir='ltr'><strong><em>ἕξεις.</em></strong></span> 
     </span>
    </p>
   </div>
   <div class='ocr_carea' id='block_1_5' title="bbox 114 1411 1248 1500">
    <p class='ocr_par' dir='ltr' id='par_1_5' title="bbox 114 1411 1248 1500">
     <span class='ocr_line' id='line_1_10' title="bbox 114 1411 1248 1500; baseline 0 -22"><span class='ocrx_word' id='word_1_65' title='bbox 114 1495 117 1500; x_wconf 25' lang='lat'>¹</span> <span class='ocrx_word' id='word_1_66' title='bbox 232 1415 276 1480; x_wconf 82' lang='lat' dir='ltr'>Et</span> <span class='ocrx_word' id='word_1_67' title='bbox 299 1437 465 1498; x_wconf 90' lang='lat' dir='ltr'>compares</span> <span class='ocrx_word' id='word_1_68' title='bbox 488 1415 586 1478; x_wconf 84' lang='lat' dir='ltr'>verba</span> <span class='ocrx_word' id='word_1_69' title='bbox 609 1417 700 1478; x_wconf 89' lang='lat' dir='ltr'>lenae</span> <span class='ocrx_word' id='word_1_70' title='bbox 719 1414 823 1479; x_wconf 92' lang='lat' dir='ltr'>Plaut.</span> <span class='ocrx_word' id='word_1_71' title='bbox 839 1411 1050 1500; x_wconf 84' lang='lat' dir='ltr'>(Demophil.)</span> <span class='ocrx_word' id='word_1_72' title='bbox 1065 1413 1155 1478; x_wconf 83' lang='lat' dir='ltr'>Asin.</span> <span class='ocrx_word' id='word_1_73' title='bbox 1170 1415 1248 1478; x_wconf 82' lang='lat'><strong>200:</strong></span> 
     </span>
    </p>
   </div>
   <div class='ocr_carea' id='block_1_6' title="bbox 278 1539 1386 1736">
    <p class='ocr_par' dir='ltr' id='par_1_6' title="bbox 278 1539 1386 1736">
     <span class='ocr_line' id='line_1_11' title="bbox 278 1539 1287 1622; baseline -0.002 -18"><span class='ocrx_word' id='word_1_74' title='bbox 278 1539 384 1616; x_wconf 82' lang='lat' dir='ltr'>Quom</span> <span class='ocrx_word' id='word_1_75' title='bbox 407 1563 425 1603; x_wconf 92' lang='lat' dir='ltr'>a</span> <span class='ocrx_word' id='word_1_76' title='bbox 448 1540 573 1622; x_wconf 87' lang='lat' dir='ltr'>pistore</span> <span class='ocrx_word' id='word_1_77' title='bbox 595 1561 712 1622; x_wconf 88' lang='lat' dir='ltr'>panem</span> <span class='ocrx_word' id='word_1_78' title='bbox 735 1540 885 1622; x_wconf 86' lang='lat' dir='ltr'>petimus,</span> <span class='ocrx_word' id='word_1_79' title='bbox 908 1539 1020 1603; x_wconf 84' lang='lat' dir='ltr'>vinum</span> <span class='ocrx_word' id='word_1_80' title='bbox 1044 1561 1083 1602; x_wconf 84' lang='lat' dir='ltr'>ex</span> <span class='ocrx_word' id='word_1_81' title='bbox 1107 1539 1287 1622; x_wconf 85' lang='lat' dir='ltr'>oenopolio‚</span> 
     </span>
     <span class='ocr_line' id='line_1_12' title="bbox 281 1644 1386 1736; baseline -0.003 -27"><span class='ocrx_word' id='word_1_82' title='bbox 281 1644 315 1709; x_wconf 84' lang='lat' dir='ltr'>Si</span> <span class='ocrx_word' id='word_1_83' title='bbox 338 1667 392 1709; x_wconf 88' lang='lat' dir='ltr'>aes</span> <span class='ocrx_word' id='word_1_84' title='bbox 415 1644 546 1728; x_wconf 88' lang='lat' dir='ltr'>habent,</span> <span class='ocrx_word' id='word_1_85' title='bbox 569 1645 647 1736; x_wconf 89' lang='lat' dir='ltr'>dant</span> <span class='ocrx_word' id='word_1_86' title='bbox 669 1667 822 1710; x_wconf 88' lang='lat' dir='ltr'>mercem:</span> <span class='ocrx_word' id='word_1_87' title='bbox 846 1644 956 1709; x_wconf 88' lang='lat' dir='ltr'>eadem</span> <span class='ocrx_word' id='word_1_88' title='bbox 979 1667 1038 1708; x_wconf 90' lang='lat' dir='ltr'>nos</span> <span class='ocrx_word' id='word_1_89' title='bbox 1063 1645 1233 1728; x_wconf 76' lang='lat' dir='ltr'>disciplina</span> <span class='ocrx_word' id='word_1_90' title='bbox 1255 1645 1386 1708; x_wconf 87' lang='lat' dir='ltr'>utimur.</span> 
     </span>
    </p>
   </div>
   <div class='ocr_carea' id='block_1_7' title="bbox 232 1769 1319 2101">
    <p class='ocr_par' dir='ltr' id='par_1_7' title="bbox 232 1769 1319 2101">
     <span class='ocr_line' id='line_1_13' title="bbox 232 1769 367 1834; baseline -0.015 0"><span class='ocrx_word' id='word_1_91' title='bbox 232 1770 271 1834; x_wconf 87' lang='lat' dir='ltr'>cf.</span> <span class='ocrx_word' id='word_1_92' title='bbox 289 1769 367 1833; x_wconf 83' lang='grc' dir='ltr'>19οε</span> 
     </span>
     <span class='ocr_line' id='line_1_14' title="bbox 323 1891 1319 1976; baseline -0.001 -20"><span class='ocrx_word' id='word_1_93' title='bbox 323 1891 393 1956; x_wconf 89' lang='lat' dir='ltr'>Nec</span> <span class='ocrx_word' id='word_1_94' title='bbox 416 1915 524 1956; x_wconf 88' lang='lat' dir='ltr'>meum</span> <span class='ocrx_word' id='word_1_95' title='bbox 549 1893 679 1974; x_wconf 91' lang='lat' dir='ltr'>quidem</span> <span class='ocrx_word' id='word_1_96' title='bbox 703 1892 817 1975; x_wconf 79' lang='lat' dir='ltr'>edepol</span> <span class='ocrx_word' id='word_1_97' title='bbox 841 1893 881 1956; x_wconf 90' lang='lat' dir='ltr'>ad</span> <span class='ocrx_word' id='word_1_98' title='bbox 904 1896 937 1955; x_wconf 90' lang='lat' dir='ltr'>te</span> <span class='ocrx_word' id='word_1_99' title='bbox 960 1896 997 1956; x_wconf 95' lang='lat' dir='ltr'>ut</span> <span class='ocrx_word' id='word_1_100' title='bbox 1019 1893 1147 1956; x_wconf 87' lang='lat' dir='ltr'>mittam</span> <span class='ocrx_word' id='word_1_101' title='bbox 1171 1893 1319 1976; x_wconf 84' lang='lat' dir='ltr'>gratiis.</span> 
     </span>
     <span class='ocr_line' id='line_1_15' title="bbox 232 2013 838 2101; baseline -0.003 -21"><span class='ocrx_word' id='word_1_102' title='bbox 232 2021 265 2080; x_wconf 91' lang='lat' dir='ltr'>et</span> <span class='ocrx_word' id='word_1_103' title='bbox 279 2015 405 2080; x_wconf 81' lang='lat' dir='ltr'>Terent.</span> <span class='ocrx_word' id='word_1_104' title='bbox 421 2013 600 2101; x_wconf 80' lang='lat' dir='ltr'>(Apollod.)</span> <span class='ocrx_word' id='word_1_105' title='bbox 614 2014 744 2079; x_wconf 88' lang='lat' dir='ltr'>Phorm.</span> <span class='ocrx_word' id='word_1_106' title='bbox 758 2015 838 2079; x_wconf 81' lang='lat'>499:</span> 
     </span>
    </p>
   </div>
   <div class='ocr_carea' id='block_1_8' title="bbox 278 2139 1380 2223">
    <p class='ocr_par' dir='ltr' id='par_1_8' title="bbox 278 2139 1380 2223">
     <span class='ocr_line' id='line_1_16' title="bbox 278 2139 1380 2223; baseline -0.002 -19"><span class='ocrx_word' id='word_1_107' title='bbox 278 2139 392 2204; x_wconf 83' lang='lat' dir='ltr'>Adeon</span> <span class='ocrx_word' id='word_1_108' title='bbox 414 2144 447 2204; x_wconf 90' lang='lat' dir='ltr'>te</span> <span class='ocrx_word' id='word_1_109' title='bbox 471 2162 539 2204; x_wconf 90' lang='lat' dir='ltr'>esse</span> <span class='ocrx_word' id='word_1_110' title='bbox 612 2139 841 2222; x_wconf 87' lang='lat' dir='ltr'>impudentem,</span> <span class='ocrx_word' id='word_1_111' title='bbox 864 2143 901 2203; x_wconf 94' lang='lat' dir='ltr'>ut</span> <span class='ocrx_word' id='word_1_112' title='bbox 916 2190 921 2202; x_wconf 95' lang='lat'>.</span> <span class='ocrx_word' id='word_1_113' title='bbox 934 2189 939 2202; x_wconf 93' lang='lat'>.</span> <span class='ocrx_word' id='word_1_114' title='bbox 952 2190 958 2202; x_wconf 92' lang='lat'>.</span> <span class='ocrx_word' id='word_1_115' title='bbox 972 2160 1077 2202; x_wconf 90' lang='lat' dir='ltr'>meam</span> <span class='ocrx_word' id='word_1_116' title='bbox 1101 2140 1211 2202; x_wconf 89' lang='lat' dir='ltr'>ductes</span> <span class='ocrx_word' id='word_1_117' title='bbox 1234 2139 1380 2223; x_wconf 88' lang='lat' dir='ltr'>gratiis.</span> 
     </span>
    </p>
   </div>
   <div class='ocr_carea' id='block_1_9' title="bbox 233 2280 1478 2684">
    <p class='ocr_par' dir='ltr' id='par_1_9' title="bbox 233 2280 1478 2684">
     <span class='ocr_line' id='line_1_17' title="bbox 274 2280 1478 2371; baseline -0.001 -27"><span class='ocrx_word' id='word_1_118' title='bbox 274 2367 276 2371; x_wconf 13' lang='grc' dir='ltr'>Ι</span> <span class='ocrx_word' id='word_1_119' title='bbox 321 2281 529 2345; x_wconf 75' lang='lat' dir='ltr'>Manifestum</span> <span class='ocrx_word' id='word_1_120' title='bbox 557 2285 606 2345; x_wconf 90' lang='lat' dir='ltr'>est</span> <span class='ocrx_word' id='word_1_121' title='bbox 632 2283 781 2345; x_wconf 88' lang='lat' dir='ltr'>lenonem</span> <span class='ocrx_word' id='word_1_122' title='bbox 809 2281 965 2365; x_wconf 86' lang='lat' dir='ltr'>arguendi</span> <span class='ocrx_word' id='word_1_123' title='bbox 993 2280 1098 2344; x_wconf 88' lang='lat' dir='ltr'>studio</span> <span class='ocrx_word' id='word_1_124' title='bbox 1127 2280 1284 2362; x_wconf 88' lang='lat' dir='ltr'>ablatum,</span> <span class='ocrx_word' id='word_1_125' title='bbox 1311 2285 1409 2363; x_wconf 88' lang='lat' dir='ltr'>prout</span> <span class='ocrx_word' id='word_1_126' title='bbox 1477 2323 1478 2360; x_wconf 49' lang='lat'>3</span> 
     </span>
     <span class='ocr_line' id='line_1_18' title="bbox 234 2383 1478 2471; baseline -0.001 -21"><span class='ocrx_word' id='word_1_127' title='bbox 234 2388 336 2450; x_wconf 89' lang='lat' dir='ltr'>oratio</span> <span class='ocrx_word' id='word_1_128' title='bbox 361 2387 586 2471; x_wconf 83' lang='lat' dir='ltr'>progrediatur</span> <span class='ocrx_word' id='word_1_129' title='bbox 605 2409 633 2450; x_wconf 86' lang='lat' dir='ltr'>v.</span> <span class='ocrx_word' id='word_1_130' title='bbox 649 2387 752 2470; x_wconf 80' lang='lat' dir='ltr'>24sq,</span> <span class='ocrx_word' id='word_1_131' title='bbox 776 2389 869 2470; x_wconf 87' lang='lat' dir='ltr'>plura</span> <span class='ocrx_word' id='word_1_132' title='bbox 889 2408 1014 2469; x_wconf 84' lang='lat' dir='ltr'>semper</span> <span class='ocrx_word' id='word_1_133' title='bbox 1037 2389 1069 2449; x_wconf 92' lang='lat' dir='ltr'>et</span> <span class='ocrx_word' id='word_1_134' title='bbox 1092 2387 1240 2470; x_wconf 80' lang='lat' dir='ltr'>graviora</span> <span class='ocrx_word' id='word_1_135' title='bbox 1263 2385 1407 2468; x_wconf 89' lang='lat' dir='ltr'>proferre</span> <span class='ocrx_word' id='word_1_136' title='bbox 1477 2383 1478 2396; x_wconf 50' lang='lat'><em>*</em></span> 
     </span>
     <span class='ocr_line' id='line_1_19' title="bbox 233 2490 1407 2574; baseline -0.003 -17"><span class='ocrx_word' id='word_1_137' title='bbox 233 2493 381 2574; x_wconf 88' lang='lat' dir='ltr'>crimina,</span> <span class='ocrx_word' id='word_1_138' title='bbox 404 2492 444 2556; x_wconf 94' lang='lat' dir='ltr'>ad</span> <span class='ocrx_word' id='word_1_139' title='bbox 468 2494 586 2556; x_wconf 91' lang='lat' dir='ltr'>iustam</span> <span class='ocrx_word' id='word_1_140' title='bbox 610 2497 718 2556; x_wconf 88' lang='lat' dir='ltr'>autem</span> <span class='ocrx_word' id='word_1_141' title='bbox 741 2493 901 2556; x_wconf 88' lang='lat' dir='ltr'>actionem</span> <span class='ocrx_word' id='word_1_142' title='bbox 928 2514 964 2555; x_wconf 88' lang='lat' dir='ltr'>ea</span> <span class='ocrx_word' id='word_1_143' title='bbox 989 2490 1214 2556; x_wconf 67' lang='lat' dir='ltr'>tandummodo</span> <span class='ocrx_word' id='word_1_144' title='bbox 1240 2493 1407 2574; x_wconf 90' lang='lat' dir='ltr'>pertinere,</span> 
     </span>
     <span class='ocr_line' id='line_1_20' title="bbox 234 2595 713 2684; baseline 0 -22"><span class='ocrx_word' id='word_1_145' title='bbox 234 2621 315 2681; x_wconf 88' lang='lat' dir='ltr'>quae</span> <span class='ocrx_word' id='word_1_146' title='bbox 334 2623 352 2662; x_wconf 91' lang='lat' dir='ltr'>a</span> <span class='ocrx_word' id='word_1_147' title='bbox 371 2599 475 2662; x_wconf 85' lang='lat' dir='ltr'>scriba</span> <span class='ocrx_word' id='word_1_148' title='bbox 497 2600 680 2662; x_wconf 88' lang='lat' dir='ltr'>recitentur.</span> <span class='ocrx_word' id='word_1_149' title='bbox 688 2595 713 2684; x_wconf 83' lang='grc'>1)</span> 
     </span>
    </p>
   </div>
   <div class='ocr_carea' id='block_1_10' title="bbox 233 2721 1478 3122">
    <p class='ocr_par' dir='ltr' id='par_1_10' title="bbox 233 2721 1478 3122">
     <span class='ocr_line' id='line_1_21' title="bbox 322 2721 1478 2807; baseline -0.003 -21"><span class='ocrx_word' id='word_1_150' title='bbox 322 2721 388 2786; x_wconf 91' lang='lat' dir='ltr'>Uni</span> <span class='ocrx_word' id='word_1_151' title='bbox 416 2724 482 2787; x_wconf 85' lang='lat' dir='ltr'>fere</span> <span class='ocrx_word' id='word_1_152' title='bbox 511 2725 626 2807; x_wconf 88' lang='lat' dir='ltr'>cuique</span> <span class='ocrx_word' id='word_1_153' title='bbox 656 2722 752 2786; x_wconf 87' lang='lat' dir='ltr'>huius</span> <span class='ocrx_word' id='word_1_154' title='bbox 780 2723 993 2786; x_wconf 82' lang='lat' dir='ltr'>accusationis</span> <span class='ocrx_word' id='word_1_155' title='bbox 1021 2723 1107 2805; x_wconf 88' lang='lat' dir='ltr'>parti</span> <span class='ocrx_word' id='word_1_156' title='bbox 1131 2722 1250 2784; x_wconf 89' lang='lat' dir='ltr'>similes</span> <span class='ocrx_word' id='word_1_157' title='bbox 1273 2727 1408 2804; x_wconf 79' lang='lat' dir='ltr'>possunt</span> <span class='ocrx_word' id='word_1_158' title='bbox 1477 2777 1478 2800; x_wconf 72' lang='lat'>,</span> 
     </span>
     <span class='ocr_line' id='line_1_22' title="bbox 234 2826 1408 2912; baseline -0.001 -21"><span class='ocrx_word' id='word_1_159' title='bbox 234 2830 417 2892; x_wconf 88' lang='lat' dir='ltr'>comoediae</span> <span class='ocrx_word' id='word_1_160' title='bbox 449 2850 560 2892; x_wconf 84' lang='lat' dir='ltr'>versus</span> <span class='ocrx_word' id='word_1_161' title='bbox 593 2830 781 2912; x_wconf 87' lang='lat' dir='ltr'>comparari.</span> <span class='ocrx_word' id='word_1_162' title='bbox 836 2826 945 2910; x_wconf 85' lang='lat' dir='ltr'>Atque</span> <span class='ocrx_word' id='word_1_163' title='bbox 981 2831 1018 2890; x_wconf 92' lang='lat' dir='ltr'>ut</span> <span class='ocrx_word' id='word_1_164' title='bbox 1055 2827 1129 2892; x_wconf 87' lang='lat' dir='ltr'>inde</span> <span class='ocrx_word' id='word_1_165' title='bbox 1166 2828 1285 2910; x_wconf 85' lang='lat' dir='ltr'>ordiar,</span> <span class='ocrx_word' id='word_1_166' title='bbox 1322 2828 1408 2910; x_wconf 91' lang='lat' dir='ltr'>quod</span> 
     </span>
     <span class='ocr_line' id='line_1_23' title="bbox 233 2933 1407 3017; baseline -0.001 -20"><span class='ocrx_word' id='word_1_167' title='bbox 233 2935 438 3017; x_wconf 89' lang='lat' dir='ltr'>potissimum</span> <span class='ocrx_word' id='word_1_168' title='bbox 463 2935 517 2998; x_wconf 91' lang='lat' dir='ltr'>sit:</span> <span class='ocrx_word' id='word_1_169' title='bbox 541 2935 671 3016; x_wconf 88' lang='lat' dir='ltr'>quantis</span> <span class='ocrx_word' id='word_1_170' title='bbox 690 2938 784 3017; x_wconf 91' lang='lat' dir='ltr'>putas</span> <span class='ocrx_word' id='word_1_171' title='bbox 799 2933 962 2997; x_wconf 88' lang='lat' dir='ltr'>theatrum</span> <span class='ocrx_word' id='word_1_172' title='bbox 986 2933 1152 3016; x_wconf 87' lang='lat' dir='ltr'>plausibus</span> <span class='ocrx_word' id='word_1_173' title='bbox 1176 2935 1407 3016; x_wconf 82' lang='lat' dir='ltr'>concrepuisse,</span> 
     </span>
     <span class='ocr_line' id='line_1_24' title="bbox 234 3039 1407 3122; baseline -0.002 -18"><span class='ocrx_word' id='word_1_174' title='bbox 234 3062 307 3104; x_wconf 91' lang='lat' dir='ltr'>cum</span> <span class='ocrx_word' id='word_1_175' title='bbox 322 3043 395 3104; x_wconf 90' lang='lat' dir='ltr'>leno</span> <span class='ocrx_word' id='word_1_176' title='bbox 411 3041 526 3104; x_wconf 88' lang='lat' dir='ltr'>misere</span> <span class='ocrx_word' id='word_1_177' title='bbox 540 3042 699 3104; x_wconf 91' lang='lat' dir='ltr'>mulcatus</span> <span class='ocrx_word' id='word_1_178' title='bbox 718 3039 869 3122; x_wconf 73' lang='lat' dir='ltr'>prodibat</span> <span class='ocrx_word' id='word_1_179' title='bbox 888 3043 920 3102; x_wconf 89' lang='lat' dir='ltr'>et</span> <span class='ocrx_word' id='word_1_180' title='bbox 942 3039 979 3102; x_wconf 91' lang='lat' dir='ltr'>de</span> <span class='ocrx_word' id='word_1_181' title='bbox 1003 3043 1134 3122; x_wconf 86' lang='lat' dir='ltr'>accepta</span> <span class='ocrx_word' id='word_1_182' title='bbox 1156 3040 1272 3102; x_wconf 90' lang='lat' dir='ltr'>iniuria</span> <span class='ocrx_word' id='word_1_183' title='bbox 1290 3041 1407 3102; x_wconf 89' lang='lat' dir='ltr'>lamen-</span> 
     </span>
    </p>
   </div>
   <div class='ocr_carea' id='block_1_11' title="bbox 233 3142 1160 3232">
    <p class='ocr_par' dir='ltr' id='par_1_11' title="bbox 233 3142 1160 3232">
     <span class='ocr_line' id='line_1_25' title="bbox 233 3142 1160 3232; baseline -0.003 -21"><span class='ocrx_word' id='word_1_184' title='bbox 233 3147 376 3231; x_wconf 84' lang='lat' dir='ltr'>tabatur,</span> <span class='ocrx_word' id='word_1_185' title='bbox 399 3149 436 3210; x_wconf 93' lang='lat' dir='ltr'>ut</span> <span class='ocrx_word' id='word_1_186' title='bbox 460 3144 580 3210; x_wconf 82' lang='lat' dir='ltr'>Sannio</span> <span class='ocrx_word' id='word_1_187' title='bbox 604 3145 731 3210; x_wconf 80' lang='lat' dir='ltr'>Terent.</span> <span class='ocrx_word' id='word_1_188' title='bbox 755 3142 905 3232; x_wconf 84' lang='lat' dir='ltr'>(Diphil.)</span> <span class='ocrx_word' id='word_1_189' title='bbox 930 3143 1066 3228; x_wconf 84' lang='lat' dir='ltr'>Adelph.</span> <span class='ocrx_word' id='word_1_190' title='bbox 1083 3144 1160 3208; x_wconf 83' lang='lat'>198:</span> 
     </span>
    </p>
   </div>
   <div class='ocr_carea' id='block_1_12' title="bbox 301 3269 1332 3352">
    <p class='ocr_par' dir='ltr' id='par_1_12' title="bbox 301 3269 1332 3352">
     <span class='ocr_line' id='line_1_26' title="bbox 301 3269 1332 3352; baseline -0.002 -18"><span class='ocrx_word' id='word_1_191' title='bbox 301 3271 407 3334; x_wconf 91' lang='lat' dir='ltr'>Domo</span> <span class='ocrx_word' id='word_1_192' title='bbox 431 3293 483 3333; x_wconf 87' lang='lat' dir='ltr'>me</span> <span class='ocrx_word' id='word_1_193' title='bbox 507 3271 634 3352; x_wconf 91' lang='lat' dir='ltr'>eripuit,</span> <span class='ocrx_word' id='word_1_194' title='bbox 658 3269 847 3352; x_wconf 84' lang='lat' dir='ltr'>verberavit,</span> <span class='ocrx_word' id='word_1_195' title='bbox 870 3291 921 3332; x_wconf 93' lang='lat' dir='ltr'>me</span> <span class='ocrx_word' id='word_1_196' title='bbox 945 3269 1047 3332; x_wconf 89' lang='lat' dir='ltr'>invito</span> <span class='ocrx_word' id='word_1_197' title='bbox 1071 3269 1205 3332; x_wconf 83' lang='lat' dir='ltr'>abduxit</span> <span class='ocrx_word' id='word_1_198' title='bbox 1227 3291 1332 3333; x_wconf 90' lang='lat' dir='ltr'>meam</span> 
     </span>
    </p>
   </div>
   <div class='ocr_carea' id='block_1_13' title="bbox 301 3355 1338 3566">
    <p class='ocr_par' dir='ltr' id='par_1_13' title="bbox 301 3355 1338 3566">
     <span class='ocr_line' id='line_1_27' title="bbox 933 3355 1249 3461; baseline -0.009 -22"><span class='ocrx_word' id='word_1_199' title='bbox 933 3355 1120 3460; x_wconf 55' lang='lat' dir='ltr'>(ofsHerod.</span> <span class='ocrx_word' id='word_1_200' title='bbox 1134 3398 1163 3438; x_wconf 85' lang='lat' dir='ltr'>v.</span> <span class='ocrx_word' id='word_1_201' title='bbox 1178 3372 1249 3461; x_wconf 78' lang='lat'>24);</span> 
     </span>
     <span class='ocr_line' id='line_1_28' title="bbox 301 3481 1338 3566; baseline -0.001 -21"><span class='ocrx_word' id='word_1_202' title='bbox 301 3481 435 3546; x_wconf 90' lang='lat' dir='ltr'>Homini</span> <span class='ocrx_word' id='word_1_203' title='bbox 458 3483 576 3546; x_wconf 89' lang='lat' dir='ltr'>misero</span> <span class='ocrx_word' id='word_1_204' title='bbox 600 3483 674 3564; x_wconf 91' lang='lat' dir='ltr'>plus</span> <span class='ocrx_word' id='word_1_205' title='bbox 698 3483 893 3566; x_wconf 88' lang='lat' dir='ltr'>quingentos</span> <span class='ocrx_word' id='word_1_206' title='bbox 917 3482 1071 3564; x_wconf 91' lang='lat' dir='ltr'>colaphos</span> <span class='ocrx_word' id='word_1_207' title='bbox 1094 3481 1227 3565; x_wconf 83' lang='lat' dir='ltr'>infregit</span> <span class='ocrx_word' id='word_1_208' title='bbox 1249 3482 1338 3544; x_wconf 92' lang='lat' dir='ltr'>mihi.</span> 
     </span>
    </p>
   </div>
   <div class='ocr_carea' id='block_1_14' title="bbox 234 3603 1406 3902">
    <p class='ocr_par' dir='ltr' id='par_1_14' title="bbox 234 3603 1406 3902">
     <span class='ocr_line' id='line_1_29' title="bbox 235 3603 1406 3689; baseline -0.003 -19"><span class='ocrx_word' id='word_1_209' title='bbox 235 3607 321 3670; x_wconf 89' lang='lat' dir='ltr'>Talis</span> <span class='ocrx_word' id='word_1_210' title='bbox 345 3610 502 3689; x_wconf 87' lang='lat' dir='ltr'>aspectus,</span> <span class='ocrx_word' id='word_1_211' title='bbox 526 3605 631 3686; x_wconf 88' lang='lat' dir='ltr'>qualis</span> <span class='ocrx_word' id='word_1_212' title='bbox 655 3605 715 3668; x_wconf 86' lang='lat' dir='ltr'>iste</span> <span class='ocrx_word' id='word_1_213' title='bbox 738 3606 773 3668; x_wconf 93' lang='lat' dir='ltr'>in</span> <span class='ocrx_word' id='word_1_214' title='bbox 795 3603 966 3688; x_wconf 82' lang='lat' dir='ltr'>Adelphis,</span> <span class='ocrx_word' id='word_1_215' title='bbox 990 3605 1123 3687; x_wconf 88' lang='lat' dir='ltr'>ipsaque</span> <span class='ocrx_word' id='word_1_216' title='bbox 1146 3604 1243 3667; x_wconf 82' lang='lat' dir='ltr'>verba</span> <span class='ocrx_word' id='word_1_217' title='bbox 1266 3605 1301 3668; x_wconf 89' lang='lat' dir='ltr'>in</span> <span class='ocrx_word' id='word_1_218' title='bbox 1323 3627 1406 3668; x_wconf 89' lang='lat' dir='ltr'>mcu-</span> 
     </span>
     <span class='ocr_line' id='line_1_30' title="bbox 234 3709 1406 3794; baseline -0.003 -18"><span class='ocrx_word' id='word_1_219' title='bbox 234 3713 321 3776; x_wconf 91' lang='lat' dir='ltr'>tibus</span> <span class='ocrx_word' id='word_1_220' title='bbox 349 3714 566 3794; x_wconf 89' lang='lat' dir='ltr'>spectatorum</span> <span class='ocrx_word' id='word_1_221' title='bbox 593 3715 687 3793; x_wconf 87' lang='lat' dir='ltr'>putes</span> <span class='ocrx_word' id='word_1_222' title='bbox 716 3710 794 3774; x_wconf 87' lang='lat' dir='ltr'>adeo</span> <span class='ocrx_word' id='word_1_223' title='bbox 823 3711 964 3774; x_wconf 88' lang='lat' dir='ltr'>haesisse</span> <span class='ocrx_word' id='word_1_224' title='bbox 991 3714 1029 3773; x_wconf 90' lang='lat' dir='ltr'>ut</span> <span class='ocrx_word' id='word_1_225' title='bbox 1055 3709 1128 3772; x_wconf 90' lang='lat' dir='ltr'>leno</span> <span class='ocrx_word' id='word_1_226' title='bbox 1157 3710 1275 3794; x_wconf 82' lang='lat' dir='ltr'>pugnis</span> <span class='ocrx_word' id='word_1_227' title='bbox 1299 3731 1406 3773; x_wconf 90' lang='lat' dir='ltr'>caesus</span> 
     </span>
     <span class='ocr_line' id='line_1_31' title="bbox 234 3814 1149 3902; baseline -0.004 -20"><span class='ocrx_word' id='word_1_228' title='bbox 234 3841 336 3902; x_wconf 88' lang='lat' dir='ltr'>paene</span> <span class='ocrx_word' id='word_1_229' title='bbox 358 3819 393 3880; x_wconf 91' lang='lat' dir='ltr'>in</span> <span class='ocrx_word' id='word_1_230' title='bbox 415 3817 621 3900; x_wconf 79' lang='lat' dir='ltr'>proverbium</span> <span class='ocrx_word' id='word_1_231' title='bbox 645 3817 755 3880; x_wconf 86' lang='lat' dir='ltr'>abiret.</span> <span class='ocrx_word' id='word_1_232' title='bbox 802 3817 840 3879; x_wconf 86' lang='lat' dir='ltr'>of.</span> <span class='ocrx_word' id='word_1_233' title='bbox 854 3815 958 3879; x_wconf 90' lang='lat' dir='ltr'>Plaut.</span> <span class='ocrx_word' id='word_1_234' title='bbox 974 3814 1055 3878; x_wconf 90' lang='lat' dir='ltr'>Rud.</span> <span class='ocrx_word' id='word_1_235' title='bbox 1071 3815 1149 3879; x_wconf 83' lang='lat'>661:</span> 
     </span>
    </p>
   </div>
   <div class='ocr_carea' id='block_1_15' title="bbox 396 3938 1276 4024">
    <p class='ocr_par' dir='ltr' id='par_1_15' title="bbox 396 3938 1276 4024">
     <span class='ocr_line' id='line_1_32' title="bbox 396 3938 1276 4024; baseline -0.001 -22"><span class='ocrx_word' id='word_1_236' title='bbox 396 3938 502 4003; x_wconf 88' lang='lat' dir='ltr'>Audio</span> <span class='ocrx_word' id='word_1_237' title='bbox 526 3939 716 4004; x_wconf 89' lang='lat' dir='ltr'>tumultum:</span> <span class='ocrx_word' id='word_1_238' title='bbox 741 3941 864 4024; x_wconf 86' lang='lat' dir='ltr'>opinor,</span> <span class='ocrx_word' id='word_1_239' title='bbox 887 3941 960 4003; x_wconf 88' lang='lat' dir='ltr'>leno</span> <span class='ocrx_word' id='word_1_240' title='bbox 985 3940 1104 4024; x_wconf 84' lang='lat' dir='ltr'>pugnis</span> <span class='ocrx_word' id='word_1_241' title='bbox 1128 3939 1276 4022; x_wconf 88' lang='lat' dir='ltr'>pectitur.</span> 
     </span>
    </p>
   </div>
   <div class='ocr_carea' id='block_1_16' title="bbox 234 4129 1406 4466">
    <p class='ocr_par' dir='ltr' id='par_1_16' title="bbox 235 4129 1406 4200">
     <span class='ocr_line' id='line_1_33' title="bbox 235 4129 1406 4200; baseline -0.004 -14"><span class='ocrx_word' id='word_1_242' title='bbox 235 4134 338 4186; x_wconf 84' lang='lat' dir='ltr'>Facete</span> <span class='ocrx_word' id='word_1_243' title='bbox 357 4132 432 4185; x_wconf 88' lang='lat' dir='ltr'>ohim</span> <span class='ocrx_word' id='word_1_244' title='bbox 450 4131 602 4200; x_wconf 85' lang='lat' dir='ltr'>respondet</span> <span class='ocrx_word' id='word_1_245' title='bbox 620 4131 696 4186; x_wconf 89' lang='lat' dir='ltr'>leno:</span> <span class='ocrx_word' id='word_1_246' title='bbox 717 4134 745 4185; x_wconf 87' lang='lat' dir='ltr'>st</span> <span class='ocrx_word' id='word_1_247' title='bbox 759 4132 820 4200; x_wconf 86' lang='lat' dir='ltr'>ipso</span> <span class='ocrx_word' id='word_1_248' title='bbox 833 4131 951 4199; x_wconf 87' lang='lat' dir='ltr'>perinde</span> <span class='ocrx_word' id='word_1_249' title='bbox 966 4147 999 4184; x_wconf 87' lang='lat' dir='ltr'>ao</span> <span class='ocrx_word' id='word_1_250' title='bbox 1013 4133 1045 4184; x_wconf 89' lang='lat' dir='ltr'>tu</span> <span class='ocrx_word' id='word_1_251' title='bbox 1059 4131 1168 4199; x_wconf 88' lang='lat' dir='ltr'>aliquid</span> <span class='ocrx_word' id='word_1_252' title='bbox 1187 4129 1279 4198; x_wconf 79' lang='grc' dir='ltr'><strong><em>ἴστημι</em></strong></span> <span class='ocrx_word' id='word_1_253' title='bbox 1297 4129 1406 4198; x_wconf 81' lang='lat' dir='ltr'>populo,</span> 
     </span>
    </p>

    <p class='ocr_par' dir='ltr' id='par_1_17' title="bbox 235 4218 1406 4288">
     <span class='ocr_line' id='line_1_34' title="bbox 235 4218 1406 4288; baseline -0.003 -14"><span class='ocrx_word' id='word_1_254' title='bbox 235 4223 367 4274; x_wconf 87' lang='lat' dir='ltr'>nimirum</span> <span class='ocrx_word' id='word_1_255' title='bbox 376 4237 433 4274; x_wconf 91' lang='lat' dir='ltr'>non</span> <span class='ocrx_word' id='word_1_256' title='bbox 442 4219 554 4286; x_wconf 83' lang='lat' dir='ltr'>famem,</span> <span class='ocrx_word' id='word_1_257' title='bbox 565 4219 614 4273; x_wconf 88' lang='lat' dir='ltr'>sed</span> <span class='ocrx_word' id='word_1_258' title='bbox 624 4223 724 4287; x_wconf 79' lang='lat' dir='ltr'>scorta,</span> <span class='ocrx_word' id='word_1_259' title='bbox 736 4237 792 4288; x_wconf 90' lang='lat' dir='ltr'>qua</span> <span class='ocrx_word' id='word_1_260' title='bbox 801 4220 962 4273; x_wconf 85' lang='lat' dir='ltr'>coniectura</span> <span class='ocrx_word' id='word_1_261' title='bbox 977 4220 1134 4274; x_wconf 88' lang='lat' dir='ltr'>sententiae</span> <span class='ocrx_word' id='word_1_262' title='bbox 1150 4219 1258 4286; x_wconf 87' lang='lat' dir='ltr'>aliquid</span> <span class='ocrx_word' id='word_1_263' title='bbox 1273 4218 1406 4272; x_wconf 88' lang='lat' dir='ltr'>acuminis</span> 
     </span>
    </p>

    <p class='ocr_par' dir='ltr' id='par_1_18' title="bbox 234 4305 1366 4466">
     <span class='ocr_line' id='line_1_35' title="bbox 234 4305 1366 4377; baseline -0.004 -14"><span class='ocrx_word' id='word_1_264' title='bbox 234 4310 316 4364; x_wconf 88' lang='lat' dir='ltr'>reddi</span> <span class='ocrx_word' id='word_1_265' title='bbox 334 4325 415 4363; x_wconf 86' lang='lat' dir='ltr'>nomo</span> <span class='ocrx_word' id='word_1_266' title='bbox 434 4307 559 4377; x_wconf 83' lang='lat' dir='ltr'>negabit.</span> <span class='ocrx_word' id='word_1_267' title='bbox 587 4307 625 4360; x_wconf 82' lang='lat' dir='ltr'>Et</span> <span class='ocrx_word' id='word_1_268' title='bbox 643 4308 815 4377; x_wconf 86' lang='lat' dir='ltr'>ambiguitas</span> <span class='ocrx_word' id='word_1_269' title='bbox 835 4307 908 4360; x_wconf 88' lang='lat' dir='ltr'>inest</span> <span class='ocrx_word' id='word_1_270' title='bbox 927 4307 1013 4360; x_wconf 83' lang='lat' dir='ltr'>etiam</span> <span class='ocrx_word' id='word_1_271' title='bbox 1032 4308 1115 4362; x_wconf 87' lang='lat' dir='ltr'>verbo</span> <span class='ocrx_word' id='word_1_272' title='bbox 1134 4305 1254 4373; x_wconf 68' lang='grc' dir='ltr'><em>ἀλήθην</em></span> <span class='ocrx_word' id='word_1_273' title='bbox 1268 4309 1303 4374; x_wconf 83' lang='lat' dir='ltr'>(v.</span> <span class='ocrx_word' id='word_1_274' title='bbox 1315 4309 1366 4375; x_wconf 78' lang='lat'>20).</span> 
     </span>
     <span class='ocr_line' id='line_1_36' title="bbox 325 4395 917 4466; baseline -0.005 -15"><span class='ocrx_word' id='word_1_275' title='bbox 325 4400 351 4466; x_wconf 92' lang='lat'>1)</span> <span class='ocrx_word' id='word_1_276' title='bbox 370 4397 405 4451; x_wconf 89' lang='lat' dir='ltr'>cf.</span> <span class='ocrx_word' id='word_1_277' title='bbox 420 4396 549 4464; x_wconf 82' lang='lat' dir='ltr'>Honsius,</span> <span class='ocrx_word' id='word_1_278' title='bbox 568 4396 639 4449; x_wconf 90' lang='lat' dir='ltr'>Mus.</span> <span class='ocrx_word' id='word_1_279' title='bbox 655 4396 743 4449; x_wconf 84' lang='lat' dir='ltr'>Rhen.</span> <span class='ocrx_word' id='word_1_280' title='bbox 758 4395 806 4450; x_wconf 86' lang='lat' dir='ltr'>LV</span> <span class='ocrx_word' id='word_1_281' title='bbox 819 4413 846 4465; x_wconf 92' lang='lat' dir='ltr'>p.</span> <span class='ocrx_word' id='word_1_282' title='bbox 858 4401 917 4450; x_wconf 78' lang='lat'>228.</span> 
     </span>
    </p>
   </div>
   <div class='ocr_carea' id='block_1_17' title="bbox 0 0 1504 5084">
    <p class='ocr_par' dir='ltr' id='par_1_19' title="bbox 0 0 1504 5084">
     <span class='ocr_line' id='line_1_37' title="bbox 0 0 1504 5084; baseline 0 0"><span class='ocrx_word' id='word_1_283' title='bbox 0 0 1504 5084; x_wconf 95' lang='lat' dir='ltr'> </span> 
     </span>
    </p>
   </div>
  </div>
 </body>
</html>
