2988 5084
42 331 121 384 Mim
132 331 154 383 Ι.
175 349 198 384 v.
210 337 253 397 sa,
269 336 349 397 resq.
543 371 580 381 ..
631 334 671 397 15
721 373 758 379 -

43 513 133 576 tiam
150 511 441 576 demonstrandam.
465 508 517 574 Ad
527 511 664 586 ἄθικτος
671 509 696 597 ²)
708 515 851 596 σφρηγίς
861 505 1235 597 compareturAristoph.

45 641 99 682 av.
115 616 195 700 559,
213 617 270 681 ubi
284 616 515 701 Peithetairos,
537 639 578 681 ne
601 618 721 682 diutius
746 618 798 682 dei
820 617 1044 702 libidinantur,
1067 619 1235 684 constituit

45 722 248 805 ἐπιβάλλειν
271 721 431 808 σφραγῖδ’
460 724 572 799 αὐτοῖς
597 722 650 788 ἐπί
673 725 734 808 την
757 728 882 808 ύωλην,
905 726 1029 790 variata
1047 748 1123 790 sane
1140 747 1236 791 roca·

46 831 122 894 buli
149 832 316 894 sententia.

146 935 361 1019 sequentibus
394 936 539 1002 versibus
569 937 692 1020 primus
726 941 850 1001 amatae
883 943 1073 1021 conspectus
1106 940 1234 1024 egregie

48 1043 248 1107 describitur
265 1066 294 1106 v.
309 1042 367 1106 56:

271 1168 354 1231 ἰδών
377 1183 415 1230 σε
437 1167 566 1254 κατόδῳ
589 1176 646 1249 τῆς
670 1169 783 1250 Μίσης
806 1165 948 1251 ἐκύμηνε

270 1275 309 1336 τδι
333 1271 491 1358 σπλάγχν’
519 1271 617 1358 ἔρωτι
640 1275 783 1358 καρδίην
806 1272 1039 1359 ἀνοιστρηθείς

49 1416 90 1477 cf.
121 1416 298 1500 ολστρῶντι
326 1417 437 1502 πόθῳ,
465 1414 629 1479 Menandr.
654 1415 791 1482 Leucad.
813 1416 852 1479 fr.
872 1416 950 1499 312,
969 1416 1004 1499 3,
1023 1413 1072 1480 ΙΠ
1091 1440 1121 1500 p.
1141 1417 1234 1502 89K3

50 1522 194 1584 similem
217 1521 324 1586 locum
343 1522 479 1586 fortasse
493 1521 663 1585 Menandri
682 1523 839 1606 expressit
857 1521 991 1588 Plautus
1010 1523 1126 1586 Bacch.
1139 1523 1234 1606 1158,

49 1627 109 1689 ubi
134 1649 231 1691 senex
254 1627 418 1692 inducitur
441 1628 547 1692 subito
571 1629 698 1711 puellae
721 1630 1072 1693 amore‘exardescens:

358 1751 475 1816 Tactus
500 1775 571 1816 sum
595 1753 802 1817 vehementer
823 1755 925 1818 visco:

358 1855 422 1922 (lor
445 1860 576 1922 stimulo
599 1859 731 1923 foditur.

143 1998 248 2063 Fastis
272 2000 405 2064 deorum
429 2000 542 2064 diebus
565 2005 601 2064 ut
624 2002 660 2065 in
682 2002 750 2066 vita
773 2003 820 2066 sic
847 2003 881 2066 in
904 2003 1070 2066 comoedia
1093 2005 1125 2065 et
1148 2001 1233 2084 apud

52 2105 218 2170 Herodam
260 2107 478 2170 adulescentes
520 2109 725 2190 conspiciunt
760 2109 919 2193 virginem
957 2109 1089 2190 eiusque
1125 2129 1233 2172 amore

53 2210 333 2298 inflammantur.²)
359 2211 515 2278 Similiter
529 2217 626 2297 atque
641 2211 744 2296 Gyllis
759 2215 969 2298 conciliatrix,
989 2235 1070 2297 quae
1085 2217 1133 2277 est
1146 2212 1233 2296 apud

54 2315 215 2401 Ovidium,
239 2319 390 2384 describit
407 2324 591 2384 nascentem
616 2322 742 2385 iuvenis
761 2343 903 2386 amorem
923 2319 1045 2407 (Amor.
1060 2317 1116 2402 18,
1126 2317 1183 2404 23)
1191 2317 1232 2406 ⁸):

215 2441 284 2506 Scis
307 2444 384 2508 here
407 2448 449 2528 te,
472 2467 543 2508 mea
565 2446 632 2530 lux,
655 2446 765 2510 iuveni
788 2446 947 2529 placuisse
971 2444 1089 2508 beato?

312 2550 415 2614 haesit
439 2551 528 2615 etin
551 2553 643 2616 voltu
667 2553 818 2616 constitit
835 2573 937 2634 usque
961 2555 1028 2616 tuo.

143 2688 255 2775 Pergit
277 2695 385 2754 autem
407 2693 481 2756 lene
504 2695 590 2775 apud
612 2692 776 2757 Herodem
800 2716 828 2756 v.
848 2692 905 2756 58:

214 2817 271 2879 καί
291 2839 353 2898 μεν
376 2817 453 2880 οὔτε
477 2818 596 2892 νυκτὸς
619 2815 688 2882 οὔτ’
716 2815 769 2902 ἐφ’
796 2816 922 2900 ἡμέρην
945 2819 1048 2882 λείπει

213 2921 250 2984 τὸ
275 2921 377 3004 δῶμα,
400 2920 529 3005 τέκνον,
554 2922 636 2986 ἀλλά
658 2946 721 3004 μεν
744 2925 932 2988 κατακλαίει

213 3028 268 3092 καί
291 3029 452 3106 ταταλίζει
475 3030 530 3092 καὶ
553 3029 691 3094 ποθέων
715 3027 931 3114 ἀποθνῄσκοι.

57 3166 99 3230 Et
121 3169 222 3232 cuivis
244 3169 324 3232 haec
345 3171 467 3254 legenti
489 3171 525 3234 in
547 3175 688 3234 mentem
707 3171 814 3234 veniet
832 3169 1155 3254 adulescentulorum,
1174 3171 1231 3254 qui

57 3274 89 3337 in
120 3275 293 3339 comoediis
321 3275 470 3358 precibus
502 3281 599 3360 atque
634 3277 800 3341 blanditiis
832 3299 934 3360 usquo
964 3281 1113 3360 utuntur,
1140 3276 1230 3341 velut

58 3380 139 3464 apud
152 3379 363 3444 Menandrum
377 3382 415 3445 fr.
431 3381 506 3466 558,
519 3381 568 3446 III
582 3406 612 3466 p.
629 3383 741 3446 170K:

501 3510 696 3571 Διονυσίων
718 3507 780 3590 μὲν
801 3502 844 3589 ἦν
867 3511 980 3590 πομπή
994 3557 1001 3570 .
1015 3554 1046 3574 ..

188 3610 206 3676 ὁ
231 3611 268 3675 δὲ
290 3610 323 3694 μ’
350 3613 581 3697 ἠκολούθησεν
604 3613 698 3698 μέχρι
722 3623 782 3677 τοῦ
805 3614 888 3698 πρὸς
911 3614 972 3696 την
994 3614 1116 3698 θύραν.

186 3715 297 3782 ἔπειτα
321 3729 449 3803 φοιτῶν
470 3718 526 3784 καὶ
549 3721 739 3785 κολακεύων
763 3718 820 3802 ἐμέ
840 3743 875 3784 τε
898 3717 953 3784 καὶ

186 3825 247 3906 τὴν
270 3823 381 3909 μητέρ’
409 3823 494 3908 ἔγνω
517 3825 599 3912 uest)

144 4090 169 4156 1)
188 4087 307 4149 ἄθικτος
334 4089 438 4144 erotica
467 4089 543 4158 apud
569 4108 657 4142 unum
683 4090 831 4144 Ararotem
855 4091 1020 4157 usurpatur:
1050 4089 1180 4156 ἄθικτος,
1208 4087 1226 4157 η

59 4173 197 4242 παρθένος
214 4175 337 4231 Bekkeri
355 4178 460 4232 Anecd,
476 4184 518 4245 82,
534 4184 564 4244 2,
583 4179 618 4232 cf.
633 4180 739 4233 ιἰιίοοίο
757 4177 839 4248 Verg.
854 4179 923 4232 Aen.
937 4177 958 4246 Ι,
974 4183 1034 4233 346.

143 4267 169 4334 2)
188 4264 222 4318 cf.
238 4267 325 4319 etiam
338 4266 438 4320 Rohde
456 4268 516 4321 Der
532 4267 632 4338 ρτίιοίι.
646 4265 770 4322 Βοικοκ’
788 4285 815 4335 p.
832 4273 891 4322 155.

143 4355 169 4423 3)
188 4353 223 4410 cf.
238 4353 351 4408 Orosius
375 4356 479 4410 Uulca.
494 4373 522 4424 p.
538 4362 579 4409 21.
1131 4347 1151 4398 Ι

142 4444 169 4511 4)
188 4468 221 4487 =
236 4441 327 4498 Plaut.
343 4442 448 4499 Cistell.
464 4449 544 4512 89sq.
