2988 5084
222 283 359 351 mmm,
377 282 424 337 rr.
707 323 751 332 ..
796 286 840 350 34
888 323 926 332 ..

247 491 248 496 ’
311 485 341 526 v.
356 463 412 528 81:
435 465 476 527 K.
491 471 627 545 παῦσαι,
652 462 772 545 ἱκαναί,
791 464 993 548 Λαμπρίσκε.
1038 465 1078 526 Λ.
1093 445 1147 528 καὶ
1162 465 1205 528 σὺ
1220 464 1261 547 δὴ
1275 472 1406 529 παῦσαι

436 566 507 632 κάκ’
535 569 616 653 ἔργα
639 571 806 653 πρήσσων.

223 711 262 774 cf.
281 709 386 774 Plaut.
405 708 544 774 Mostell.
563 709 648 773 1173

224 815 317 881 Gall:
340 815 468 899 Tranio,
491 815 628 900 quiesce,
652 815 680 879 si
695 816 788 898 sapis.
836 814 894 879 Th.
918 813 967 879 Tu
983 816 1110 898 quiesce
1124 815 1207 880 hanc
1221 838 1289 881 rem
1304 817 1405 881 modo

1053 926 1169 1005 petere.

314 1050 343 1091 v.
358 1027 414 1090 93:
439 1027 558 1103 λάθοις
580 1027 642 1109 τὴν
665 1027 814 1109 νλᾶσοαν
837 1023 871 1102 ἐς
893 1025 967 1108 μέλι
990 1027 1118 1104 πλύνας

224 1149 615 1234 cf.Plaut.Trucul.178,
637 1149 694 1214 ubi
716 1148 912 1214 Diniarchus
936 1151 974 1214 de
997 1150 1202 1215 meretricum
1224 1151 1360 1238 linguis:

315 1273 354 1338 ln
376 1274 472 1339 melle
496 1277 572 1338 sunt
593 1275 723 1360 linguae
747 1274 827 1338 sitae
850 1278 978 1338 vostrae
1001 1277 1097 1358 atque
1121 1275 1290 1338 orationes.

731 1607 820 1673 Mim.
840 1607 895 1673 IV.

314 1749 428 1826 Quarti
452 1750 581 1834 quidem
605 1750 755 1814 carminis
779 1753 1004 1834 argumentum
1024 1750 1064 1814 ab
1083 1751 1199 1814 atticae
1218 1750 1405 1816 comoediae

223 1856 332 1921 indole
346 1856 487 1920 alienum
502 1855 636 1920 videtur.
679 1854 804 1920 Scimus
823 1859 931 1920 autem
945 1878 984 1920 ex
994 1854 1161 1920 Athenaeo
1174 1853 1277 1942 (VIII,
1286 1853 1404 1943 36213)

224 1963 265 2027 ab
284 1961 480 2045 Epicharmo
499 1959 647 2026 homines
668 1983 737 2026 esse
760 1961 909 2026 inductos
930 1969 1147 2046 καθορῶντας
1168 1963 1209 2026 τὰ
1227 1961 1264 2026 ἐν
1282 1967 1404 2028 Πυθοῖ

223 2067 428 2152 ἀναθήματα.
455 2066 501 2158 Et
515 2067 620 2132 simile
635 2071 860 2153 argumentum
874 2069 1026 2134 tractarit
1041 2066 1191 2150 Sophron
1204 2068 1240 2132 in
1253 2068 1404 2134 Isthmia-

223 2175 321 2257 zusis,
349 2195 429 2257 quas
456 2173 648 2238 Theocritus
677 2175 836 2258 spectavit
858 2173 893 2237 in
916 2173 1030 2257 idyllio
1049 2172 1111 2237 XV
1134 2171 1399 2260 (Συρακόσιατῆ
1478 2203 1479 2266 }

220 2276 492 2365 Ἀδωνιάζουσατ)
516 2279 746 2363 componendo.
786 2278 953 2344 Nonnulla
966 2278 1114 2344 Herodae
1137 2281 1308 2346 convenire
1327 2302 1400 2346 cum

224 2384 396 2450 Theocrito
420 2385 486 2449 iam
509 2407 605 2469 supra
628 2407 658 2468 p.
674 2383 709 2448 6³
731 2386 854 2468 monui,
878 2385 933 2450 sed
956 2385 1153 2450 observanda
1171 2390 1221 2450 est
1238 2387 1400 2450 iudicandi

222 2491 316 2574 ratio,
340 2512 403 2573 qua
426 2491 512 2574 apud
534 2494 708 2574 utrumque
731 2491 892 2556 artificum
916 2512 1012 2574 opera
1030 2491 1180 2556 mulieres
1203 2496 1401 2576 percensent,

225 2596 264 2661 cf.
283 2597 415 2661 Theocr.
434 2595 507 2680 XV,
527 2595 582 2662 78:

223 2721 351 2804 Γοργώ.
397 2717 584 2804 Πραξινόα,
612 2718 728 2804 πόταγ’
757 2715 831 2786 ὦδε.
863 2722 903 2785 τὰ
929 2723 1064 2786 ποικίλα
1086 2731 1214 2805 πρᾶτον
1237 2722 1399 2807 ἄθρησον,

406 2826 508 2890 λεπτὰ
529 2823 585 2889 καὶ
609 2825 653 2901 ὡς
676 2827 840 2909 χαρίεντα.
872 2832 964 2890 θεῶν
986 2826 1198 2911 περονοίματα
1222 2837 1348 2910 puceis.

225 2947 365 3033 Πραξιν.
408 2946 526 3013 Πότντ’
550 2946 725 3014 Ἀθαναία
748 2949 845 3012 ποῖαί
865 2945 921 3031 σφ’
950 2946 1118 3014 ἐπόνασαν
1140 2953 1267 3036 ἔριθοι,

406 3064 500 3119 ποῖοι
523 3054 713 3142 ζῳομρᾶφοτ
736 3053 892 3139 τάκριβέα
914 3053 1077 3140 γράμματ’
1105 3058 1261 3141 ἔγραψαν.

407 3161 451 3236 ὡς
474 3158 566 3244 ἔτυμ’
595 3158 785 3244 ἑστάκανττ,
808 3158 863 3226 καὶ
887 3161 932 3237 ὡς
955 3158 1044 3246 ἔτυμ’
1073 3160 1275 3246 accrescere,

407 3263 539 3350 t'pdrvx’,
563 3266 624 3330 οὐκ
648 3264 827 3349 ἐννφαντά.
873 3269 982 3350 σοφόν
1004 3291 1057 3332 τοι
1080 3266 1176 3354 χρῆμ’
1204 3269 1398 3364 ὥνθρωπος.

314 3407 367 3473 Sic
394 3410 432 3470 ut
459 3407 544 3490 apud
567 3406 731 3472 Herodem
754 3409 871 3472 veritas
899 3409 1039 3472 maxime
1066 3408 1265 3492 picturarum
1291 3411 1397 3474 lauda-

223 3519 277 3579 tur
314 3535 377 3597 qua
408 3512 581 3577 mulierum
618 3513 703 3578 oculi
736 3517 901 3599 tenentur;
932 3514 972 3577 ad
999 3515 1123 3579 caelum
1155 3515 1316 3598 pictorum
1348 3537 1397 3580 ars

226 3621 372 3702 effertur,
395 3639 462 3682 non
483 3619 662 3702 hominum,
685 3619 741 3683 sed
764 3619 896 3683 deorum
920 3621 999 3684 haec
1017 3642 1085 3684 esse
1109 3641 1206 3704 opera
1228 3621 1396 3705 affirmant,

224 3731 314 3790 totus
338 3728 376 3789 ut
406 3725 498 3789 locus
531 3724 715 3789 simillimus
748 3725 791 3789 sit
817 3724 973 3790 Herodae.
1019 3725 1070 3790 Ex
1094 3747 1157 3810 quo
1181 3726 1344 3791 Theocriti
1365 3730 1397 3792 et

224 3830 374 3895 Herodae
398 3851 556 3895 consensu
578 3830 641 3895 hoc
664 3853 739 3895 sane
763 3831 847 3895 effici
870 3834 978 3914 potest
995 3831 1082 3896 hunc
1100 3853 1229 3915 quoque
1247 3853 1287 3896 ex
1309 3836 1396 3916 perte

227 3936 406 4020 Sophronis
425 3937 581 4002 institisse
599 3937 754 4022 vestigiis,
773 3937 829 4002 sed
848 3937 1086 4004 describendam
1102 3938 1165 4001 sibi
1179 3939 1317 4022 sumpsit
1333 3960 1396 4002 non

224 4042 375 4125 alienam,
406 4064 518 4107 verum
555 4041 778 4126 domesticam,
809 4043 946 4110 fortasse
978 4043 1079 4127 ipsius
1111 4044 1242 4127 patriae,
1273 4044 1394 4128 copiam

224 4150 391 4234 signorum
414 4149 671 4233 acetabulorum,
699 4149 816 4234 quibus
841 4149 943 4214 Coum
970 4147 1158 4234 Aesculapii
1183 4151 1296 4214 fanum
1326 4171 1395 4214 con·
1476 4203 1477 4222 ,

225 4255 372 4338 spicuum
397 4259 472 4320 erat.
517 4253 632 4340 Neque
655 4256 755 4342 igitur
779 4256 892 4322 dubito
916 4254 994 4339 quin
1017 4255 1080 4322 hoc
1108 4277 1237 4340 quoque
1260 4257 1395 4320 carmine

223 4359 364 4443 plurima
387 4359 551 4444 exipsius
575 4361 704 4446 ingenio
729 4361 890 4426 fluxerint.
