2988 5084
56 328 141 381 Mim.
152 327 198 380 ΙΠ.
549 369 590 376 -
637 332 678 395 31
727 369 768 377 ..

58 510 110 572 ita
147 513 184 572 111
220 507 276 572 illa
312 506 460 571 Alexidis
496 508 606 572 fabula
642 509 802 590 quandam
840 509 1028 593 Epicharmi
1060 512 1241 576 fabularum

58 615 230 679 notionem
254 614 459 698 suppeditare
482 615 636 678 videatur.
644 613 668 700 ¹)
864 607 867 612 ¹

155 719 303 784 Ceterum
327 722 391 784 iam
415 720 628 805 Epicharmus
653 722 687 786 id
710 726 936 806 argumentum
961 724 1112 788 detractis
1136 725 1241 808 mythi

61 827 157 910 quasi
171 827 346 891 involucris
360 827 514 891 advitam
530 827 737 892 cottidianam
752 828 954 892 transtulisse
968 830 1103 912 videtur,
1117 834 1154 894 ut
1168 851 1242 895 con-

61 934 175 997 cludas
204 955 243 997 ex
271 931 439 1019 Agrostini
466 935 647 1018 fragmento
675 935 750 998 hoc:
779 935 823 1010 ὡς
846 937 945 1019 ταχὺς
970 938 1128 1021 Κόλαφος
1151 957 1241 1020 περι-

60 1023 160 1104 aurei
183 1038 321 1126 ucvog2),
349 1040 477 1104 doricus
500 1041 601 1126 igitur
623 1045 719 1123 poeta
742 1040 879 1124 primus,
907 1047 1064 1124 quantum
1088 1043 1241 1128 cognosci

61 1149 187 1229 potest,
214 1167 383 1230 personam
411 1148 537 1232 plagosi
564 1147 713 1231 magistri
736 1149 908 1230 expressit,
937 1149 1042 1240 qualis
1066 1150 1162 1212 etiam
1185 1148 1237 1212 1111

62 1253 180 1316 incerti
202 1257 316 1336 poetae
340 1252 485 1317 versibus
509 1253 713 1317 describitur:
736 1253 774 1317 fr.
792 1254 865 1337 161,
879 1251 939 1336 111,
953 1277 983 1338 p.
998 1254 1114 1318 440K:

249 1376 266 1441 ὁ
291 1378 328 1441 δὲ
351 1377 561 1459 παιδαγωγὸς
583 1375 722 1453 ἔνοπλος
746 1375 913 1460 ἑπόμενος,
937 1389 1053 1462 φορῶν

247 1485 429 1567 βακτηρίαν
450 1482 471 1564 il
495 1493 615 1558 σκῦτος
637 1482 675 1547 ἐν
697 1493 737 1569 τῇ
761 1483 860 1570 δεξιᾷ.

155 1623 239 1700 Quin
263 1627 359 1688 etiam
383 1623 544 1709 Socrates,
571 1629 609 1688 ut
636 1625 789 1688 terribilis
818 1625 872 1689 ille
900 1625 986 1708 apud
1008 1625 1240 1709 Epicharmum

63 1732 227 1816 magister,
250 1733 362 1815 plagas
380 1731 522 1795 minatur
540 1730 704 1815 Aristoph.
724 1731 799 1795 nub.
814 1732 894 1816 4923
917 1754 992 1794 nam
1007 1730 1240 1814 Aristophanes

62 1839 229 1901 hominem
248 1838 372 1902 inducit
395 1838 560 1921 rusticum,
584 1837 640 1921 qui
664 1839 869 1922 quaestiones
894 1839 956 1902 sibi
975 1859 993 1901 a
1013 1837 1144 1902 Socrate
1168 1860 1241 1921 pro-

64 1944 187 2027 positas
206 1966 373 2026 perperam
393 1944 553 2029 intellegit
572 1949 604 2008 et
622 1966 769 2027 perverse
789 1945 898 2008 omnia
920 1945 989 2029 agit
1008 1943 1156 2008 similiter
1177 1945 1241 2008 fcr-

63 2055 150 2114 tasse
173 2055 269 2132 atquc
293 2052 348 2112 ille
370 2048 565 2134 Agrostinus
584 2048 803 2136 Epicharmi³)
828 2054 884 2113 aut
907 2049 1063 2114 Hercules
1086 2049 1241 2113 Alexidis.

155 2154 328 2238 Complura
360 2160 468 2220 autem
501 2160 589 2238 sunt,
622 2179 703 2240 quae
735 2155 883 2220 Herodae
916 2176 989 2218 cum
1022 2155 1240 2239 Aristophane

64 2263 273 2343 conveniunt,
301 2263 390 2325 velut
414 2282 487 2325 cum
511 2262 697 2326 Metrotima
725 2261 903 2345 comparari
926 2265 1063 2344 possunt
1086 2283 1124 2324 ex
1148 2265 1239 2344 parte

64 2366 257 2450 Strepsiadis
281 2369 429 2450 querelae
453 2369 491 2431 de
514 2368 574 2430 filii
597 2367 726 2431 luxuria
748 2368 895 2432 111111121

226 2489 298 2556 ἀλλ’
324 2491 364 2555 οὐ
389 2492 534 2572 δύναμαι
557 2493 701 2567 δείλαιος
724 2491 836 2555 εὕδειν
860 2493 1063 2572 δακνόμενος

225 2598 289 2662 ὑπὸ
312 2607 370 2680 τῆς
393 2599 541 2681 δαπάνης
564 2596 618 2661 καὶ
641 2607 699 2679 της
723 2597 850 2681 φάτνης
872 2598 926 2660 καὶ
950 2607 1017 2661 τῶν
1040 2607 1146 2681 χρεῶν

226 2705 281 2767 διά
305 2705 437 2768 τουτονὶ
459 2705 519 2768 τὸν
540 2705 630 2768 υἱόν·
655 2703 672 2768 ὁ
697 2703 734 2767 δὲ
757 2705 862 2786 κόμην
885 2700 970 2786 ἔχων

226 2811 395 2889 ἱππάζεταί
415 2834 450 2874 τε
472 2807 527 2874 καὶ
551 2807 805 2894 ξυνωρικεύεται

225 2916 431 3001 ὀνειροπολεῖ
454 2914 488 2980 θ’
517 2916 651 2992 ἵππους.
675 2913 739 2998 ἐγὼ
765 2914 795 2980 δ’
823 2915 1009 2996 ἀπόλλυμαι

225 3023 314 3107 δρῶν
337 3024 485 3104 ἄγουσαν
507 3023 568 3105 τὴν
592 3025 734 3105 σελήνην
757 3023 897 3097 εἰκάδας.

64 3148 153 3211 adice
176 3147 251 3210 nub.
271 3147 327 3210 33:

247 3269 317 3334 ἀλλ’
346 3266 371 3333 ὦ
394 3268 478 3352 μέλ’,
502 3267 652 3352 ἐξήλικας
675 3267 732 3350 ἐμέ
754 3267 784 3350 γ’
812 3266 848 3332 ἐκ
871 3279 938 3332 τῶν
961 3265 1057 3348 ἐμῶν.

65 3395 102 3458 ci.
119 3393 195 3458 Her.
210 3392 370 3478 1111111.ΠΙ,
385 3393 419 3457 5:

278 3519 314 3580 ἔκ
336 3539 397 3597 μευ
421 3518 576 3598 ταλαίνης
598 3517 659 3597 τὴν
683 3513 803 3597 στέγην
824 3516 1035 3598 πεπόρθηκεν
1129 3489 1130 3492 .

278 3623 438 3706 χαλκίνδοι
461 3623 593 3699 παίζων.

155 3819 181 3884 1)
199 3815 231 3867 In
255 3814 350 3867 Plauti
375 3813 563 3866 Bacchidibus
592 3829 607 3866 0
630 3811 803 3866 Menandrea
830 3812 882 3873 Δὶς
904 3807 1074 3873 Ἐξαπατῶν
1101 3809 1239 3878 expressis

65 3904 108 3970 (cf.
124 3903 235 3956 Ritschl
249 3903 371 3974 Parcrga
385 3904 456 3969 405).
493 3901 557 3953 Lini
581 3903 610 3954 01
628 3901 756 3954 Herculis
775 3899 881 3953 mentio
900 3898 1015 3951 inicitur
1033 3913 1066 3950 00
1084 3897 1159 3964 1000,
1183 3914 1238 3964 (1110

65 3992 232 4046 Pistoclerus
252 3991 416 4045 adulescens
435 3992 506 4044 hacc
523 3989 691 4059 paedagogo
709 3989 834 4042 minatur
851 4005 875 4040 v.
892 3991 943 4040 155

259 4072 348 4146 Fiam,
367 4081 400 4132 ut
418 4095 471 4149 ego
490 4078 597 4147 opinor,
616 4076 760 4144 Hercules,
779 4079 811 4129 tu
830 4077 926 4129 autem
944 4075 1038 4128 Linus.

154 4157 416 4238 2)Ἥο1.κόλαφος·
436 4165 579 4228 κόνδυλος.
604 4163 683 4232 παρὰ
703 4165 734 4218 δὲ
751 4161 913 4236 Ἐπιχάρμῳ
933 4195 967 4202 -
986 4164 1034 4216 καὶ
1052 4157 1238 4232 παιδοτρίβου

67 4258 168 4325 ducum
187 4256 270 4326 plura
285 4256 320 4309 de
329 4257 383 4308 hac
398 4271 427 4308 10
441 4254 549 4323 profert
563 4253 677 4306 drusius
697 4253 800 4307 Uuiers.
812 4270 838 4320 p.
851 4257 893 4318 78,
912 4250 1012 4305 Philol.
1028 4249 1119 4319 suppl.
1134 4249 1180 4316 vl,
1195 4254 1238 4301 29.

154 4348 181 4414 3)
199 4345 244 4396 Ad
263 4341 463 4413 Epicharmum
481 4359 542 4396 sese
562 4342 719 4411 applicasse
738 4341 955 4408 Aristophanem
973 4340 1003 4392 in
1016 4338 1145 4392 Nubibus
1164 4353 1238 4390 ccm-

67 4433 202 4503 poncndis
222 4433 376 4487 arbitratur
395 4431 507 4486 Crusius
526 4431 627 4483 Philol.
644 4430 735 4498 suppl.
750 4429 797 4496 VI,
813 4434 873 4481 291.
