2988 5084
49 359 142 411 Mim.
154 357 177 425 Ι,
197 363 287 425 21sq.‚
308 362 349 410 25.
552 396 597 404 -
645 359 683 421 11
731 395 775 404 .-

162 537 205 600 B:
228 535 383 621 μηδέποτ’
413 535 518 621 ἐρώτα
540 533 644 618 τοῦτ’,
668 533 752 600 ἐπὰν
775 532 902 620 γέροντ’
932 535 1006 620 ἴδῃς

227 643 247 726 ἣ
272 652 381 728 γραῦν
403 641 479 707 τιν’·
504 649 579 706 ἴσθι
603 641 633 706 δ’
661 642 767 718 εὐθὺς
790 641 841 706 ὅτι
864 652 972 716 κακῶς
996 637 1102 725 ἔχειῆ

156 783 236 856 Her.
248 786 336 848 mim.
350 782 375 867 Ι,
394 784 435 847 21
448 806 494 867 sq.
526 785 600 848 lena
632 783 748 867 incipit
775 782 951 847 Metrichee
984 781 1082 846 fidem
1109 781 1246 846 lsbefse-

53 897 132 956 tare
157 891 210 954 his
233 891 353 957 verbis:
838 905 844 919 ·

230 1030 300 1096 ἀλλ’
330 1029 355 1096 ὦ
379 1031 507 1116 τέκνον,
530 1035 632 1097 πόσον
654 1029 718 1096 τιν’
745 1032 810 1114 ἤδη
834 1035 1000 1116 χηραίνεις

227 1141 350 1224 χρόνον
373 1141 457 1222 μόνη
481 1140 649 1223 τρύχουσα
672 1140 733 1220 τὴν
755 1139 835 1218 μίαν
858 1139 986 1220 κοίτην;

56 1282 104 1350 ef.
117 1280 229 1348 Plaut.
242 1279 363 1344 Cistell.
377 1280 422 1343 44
445 1278 533 1366 (lene
556 1281 594 1344 de
617 1279 686 1344 filis
709 1277 794 1366 sua):

249 1384 436 1505 Numqusm
461 1444 521 1507 ego
544 1423 629 1486 hene
651 1421 780 1486 viduam
805 1421 922 1486 subere
946 1419 1047 1506 sivi.²)

155 1563 231 1627 Her.
246 1564 334 1627 mim.
348 1562 373 1646 I,
387 1564 443 1628 23:

227 1705 260 1784 ἐξ
285 1699 326 1770 οὗ
350 1707 412 1790 γὰρ
437 1707 485 1782 εἰς
508 1710 683 1787 Αἴγυπτον
706 1703 825 1787 ἐστάλη
849 1705 1006 1788 Μάνδρις

227 1809 294 1876 δέκ’
322 1810 387 1876 εἰσὶ
410 1820 511 1895 μῆνες
533 1811 633 1876 κούδὲ
657 1811 790 1896 γράμμα
813 1828 866 1875 σοι
889 1809 1016 1894 πέμπει.

60 1959 99 2017 ut
123 1954 187 2017 viri
211 1953 345 2018 duarum
369 1955 498 2018 illerum
522 1974 668 2018 sororum
692 1953 726 2015 in
749 1951 859 2016 Plauti
882 1951 1004 2032 Sticho,
1028 1952 1067 2016 cf.
1081 1975 1110 2016 v.
1125 1953 1181 2016 29:

324 2093 408 2160 Nem
433 2095 495 2158 viri
518 2095 621 2158 nostri
645 2094 740 2157 domo
764 2097 802 2157 ut
824 2094 980 2176 abierunt,

324 2200 387 2264 Hie
411 2201 525 2264 tertius
549 2222 652 2264 annus
668 2250 675 2262 .
690 2250 696 2262 .
712 2250 719 2262 .

155 2377 211 2442 31:
325 2375 429 2452 Quom
453 2377 516 2460 ipsi
539 2377 661 2440 interea
683 2377 803 2459 vivant,
826 2377 962 2459 valeant,

324 2481 391 2547 Ubi
414 2484 488 2567 sint,
512 2483 591 2565 quid
613 2487 720 2567 egent,
743 2482 859 2566 ecquid
882 2488 988 2568 agant,

323 2588 438 2672 Neque
461 2589 657 2672 participant
675 2610 734 2652 nos
758 2611 862 2672 neque
885 2589 1028 2653 redeunt.

66 2706 76 2724 ⁰
155 2732 266 2817 Pergit
284 2733 357 2795 lens
375 2754 404 2793 v.
424 2729 480 2794 25:

280 2853 351 2920 ἀλλ’
379 2852 570 2937 ἑκλέλησται
593 2855 648 2920 uui
671 2853 822 2920 πέπωκεν
845 2853 881 2920 ἐκ
904 2865 1027 2938 καινῆς.

71 3022 149 3083 quse
171 3000 278 3084 imago
302 2997 433 3061 comicis
457 2997 585 3078 usitata,
608 2996 648 3061 ef.
672 2995 776 3060 Pleut.
792 2995 885 3060 True.
899 2997 957 3060 43:

280 3119 315 3184 si
339 3119 438 3184 semel
462 3121 581 3184 amoris
605 3120 759 3204 poculum
783 3121 907 3204 aceepit
930 3122 1010 3184 meri

278 3225 391 3309 anue
414 3226 499 3290 intre
521 3231 633 3310 pectus
658 3249 691 3292 se
714 3227 895 3310 penetravit
917 3225 1049 3314 p0t10.³)
1137 3255 1138 3258 ¹

74 3375 104 3434 et
125 3369 237 3434 Bacch.
252 3368 309 3432 48:

155 3492 276 3556 Eadem
301 3492 430 3575 biberis,
454 3494 563 3556 eedem
589 3492 704 3557 dedero
728 3492 799 3576 tibi,
822 3492 879 3556 ubi
902 3493 1021 3558 biberis
1046 3495 1178 3559 savium.

157 3758 181 3824 1)
201 3755 394 3822 ef..Plsutum‚
414 3711 602 3822 qui'iortesse
620 3756 691 3810 haee
709 3756 847 3824 imitetur,
867 3756 950 3810 Mers.
971 3756 1093 3826 (Empor.
1112 3756 1240 3826 Philem.)

77 3867 136 3916 6722
449 3861 529 3930 Syre:
549 3865 660 3916 tentum
678 3863 731 3916 hoc
750 3864 856 3917 onerist
874 3863 949 3930 quod
967 3862 1027 3916 fero

77 3966 205 4036 Dorippa:
226 3967 299 4031 Quid
319 3968 429 4020 oneris?
467 3967 550 4036 Syre:
569 3969 665 4022 Annos
685 3969 831 4038 octoginta
850 3970 878 4022 et
897 3971 1038 4036 quattuor.

156 4076 181 4142 λ)
201 4072 237 4130 ef.
250 4072 375 4142 Propert.
390 4073 429 4126 ΠΙ
444 4079 469 4140 6,
484 4079 533 4130 232

314 4179 426 4234 Gaudet
443 4197 488 4235 me
507 4197 595 4235 vacuo
614 4181 704 4235 solem
723 4183 866 4236 tabescere
885 4182 967 4236 lecto.

78 4286 114 4340 De
131 4285 312 4356 elegiseorum
331 4304 395 4340 eum
414 4289 528 4342 comicis
548 4289 718 4343 necessitate
736 4287 800 4342 vide
819 4288 893 4341 inira
911 4307 938 4357 p.
952 4295 992 4343 12.

157 4378 182 4444 3)
201 4376 235 4430 ef.
246 4375 375 4464 'Theogs
391 4381 442 4430 959
453 4394 504 4445 sq.,
523 4377 606 4446 Verg.
617 4378 686 4431 Aen.
697 4377 718 4444 Ι,
730 4382 780 4430 749
790 4376 962 4447 longumque
976 4377 1094 4432 bibebat
1109 4393 1240 4434 amorem.

80 4461 178 4518 Crusius
193 4464 297 4519 Unters.
312 4483 340 4533 p.
357 4471 380 4519 7,
417 4464 533 4518 Meister
550 4466 606 4519 Die
626 4466 809 4520 Mimiamben
826 4467 873 4520 des
890 4466 1019 4522 Herodes
1037 4485 1069 4536 p..
1080 4472 1178 4535 675sq.
