2988 5084
252 336 373 403 Mimfl,
394 342 417 389 9.
726 377 771 384 -
816 339 859 402 22
904 376 949 385 -

343 515 492 580 Fortasse
522 516 623 600 igitur
649 514 796 579 Herodae
824 538 841 578 e
872 515 1036 580 comoedia
1066 519 1162 579 notus
1193 519 1261 579 erat
1289 517 1363 580 leno
1392 519 1430 579 ut

254 623 353 686 homo
382 622 486 687 causis
516 626 547 684 et
574 621 686 685 litibus
714 622 869 704 famosus,
898 625 930 684 et
958 621 1044 704 qued
1067 625 1291 707 argumentum
1315 623 1430 686 comici

252 732 377 792 tantum
390 729 651 811 perstrinxeram,
665 727 697 790 id
713 728 820 792 dedita
835 749 931 811 opera
945 727 1168 811 explicandum
1185 728 1245 792 sibi
1260 730 1429 812 proposuit

252 834 499 919 mimographus
526 835 671 898 imitatus
700 833 796 897 simul
826 833 985 897 rhetorica
1017 833 1086 915 illa,
1119 833 1157 896 de
1187 834 1304 916 quibus
1331 836 1428 918 paulo

121 1011 134 1023 .
254 962 351 1024 supra
374 941 450 1023 dixi,
474 939 610 1004 artificia
632 940 684 1003 vel
707 941 861 1022 exempla.

342 1045 381 1110 ln
425 1047 525 1129 ipsius
570 1045 698 1128 quidem
739 1046 865 1109 lenonis
903 1045 1116 1129 descriptione
1152 1047 1243 1132 larga
1280 1045 1429 1110 Herodae

252 1153 467 1236 suppetebant
490 1152 687 1216 comicorum
711 1153 865 1234 exempla.
898 1151 1025 1216 Primus
1036 1154 1277 1236 Πορνοβοσκόν
1301 1153 1429 1235 scripsit

251 1259 409 1340 Eubulus,
431 1259 564 1342 mediae,
587 1279 668 1340 quae
692 1258 818 1340 dicitur,
841 1258 1024 1322 comoediae
1043 1258 1300 1343 elegantissimus
1319 1262 1428 1342 poeta3

252 1365 393 1429 eiusdem
409 1365 524 1429 comici
537 1365 647 1430 fabula
661 1364 846 1428 inscribitur
861 1365 1019 1446 Σκντεύς,
1042 1368 1177 1448 uterque
1191 1369 1298 1428 autem
1313 1365 1427 1428 titulus

251 1470 409 1554 reperitur
440 1471 526 1554 apud
557 1469 720 1534 Herodem
745 1468 798 1556 (cf.
818 1492 914 1553 supra
931 1493 960 1554 p.
978 1467 1042 1555 19).
1090 1469 1159 1546 Qua
1183 1471 1221 1534 de
1244 1493 1278 1534 re
1301 1473 1428 1535 monuit

250 1577 392 1640 Hensius
420 1574 517 1663 (Mus.
532 1576 674 1640 RhenL
694 1600 724 1660 p.
742 1574 834 1663 140),
867 1577 923 1659 qui
952 1576 1015 1641 hoc
1043 1597 1171 1660 quoque
1204 1577 1364 1661 observat,
1393 1578 1427 1640 in

250 1685 419 1766 utriusque
443 1688 557 1766 poetae
577 1681 693 1747 Sutore
711 1705 823 1747 vocem
842 1693 984 1766 κοχῶναι
1002 1683 1068 1767 legi
1087 1682 1208 1765 alioqui
1227 1684 1305 1748 setis
1323 1667 1427 1747 raram

197 1821 202 1830 ·
251 1788 304 1875 (cf.
320 1789 490 1853 Eubulfr.
505 1786 827 1874 97,11p.1981{.).1)
873 1787 983 1852 Talem
1003 1793 1110 1852 autem
1130 1810 1321 1853 consensum
1340 1791 1428 1853 casui

250 1897 306 1960 vix
338 1897 470 1960 tribuas.
525 1895 604 1960 Post
635 1895 801 1958 Eubulum
835 1895 962 1978 scripsit
994 1893 1149 1970 Anaxitas
1178 1892 1361 1960 Ὑάκινθον
1393 1893 1427 1980 (ἢ

252 2000 520 2087 Πορνοβοσκόν),
536 1999 989 2088 ΠορνοβοσκόνΡοείᾶὶΡμαε,
1003 2001 1165 2066 Lenonem
1176 2001 1210 2064 L.
1220 2000 1427 2084 Pomponius,

251 2106 474 2172 Atellanarum
494 2109 639 2192 scriptor,
659 2129 886 2191 saepenumero
905 2109 978 2171 leno
1002 2107 1037 2172 in
1055 2107 1188 2191 palliata
1206 2107 1425 2172 Romanorum
1447 2093 1450 2096 ’

253 2217 284 2278 et
308 2215 342 2278 in
365 2215 509 2298 reliquiis
534 2214 716 2278 comoediae
740 2212 868 2280 Atticae
892 2215 1039 2279 occurrit.

340 2319 533 2404 Ubicunque
557 2325 664 2384 autem
691 2321 885 2406 depingitur,
907 2321 1006 2384 homo
1031 2325 1079 2384 est
1096 2321 1252 2404 periurus,
1272 2321 1427 2403 sordidus,

250 2447 375 2508 avarus,
398 2448 541 2490 summae
559 2427 765 2510 procacitatis
779 2449 815 2490 ac
833 2429 1039 2511 petulantiae,
1062 2429 1113 2490 ius
1132 2427 1283 2513 legesque
1302 2449 1427 2512 semper

250 2533 382 2615 iactans,
401 2533 545 2616 turpium
563 2533 794 2616 foederumque
814 2533 971 2598 dictorum
987 2534 1235 2616 amantissimus,
1258 2539 1426 2616 quaestum

251 2662 344 2702 suum
377 2643 524 2722 proterve
547 2641 716 2723 profitens,
749 2661 788 2702 ex
815 2640 998 2724 sterculine,
1025 2645 1062 2704 ut
1089 2639 1197 2704 Plauti
1224 2639 1322 2704 verbo
1346 2645 1428 2721 utar,

250 2746 393 2810 effossus.
1474 2729 1475 2752 ¹

338 2850 407 2914 lam
430 2874 581 2916 versuum
601 2853 744 2916 ordinem
769 2857 896 2917 secutus
915 2854 1055 2936 afferam,
1079 2853 1255 2934 quaemihi
1270 2873 1426 2916 censensu
1474 2839 1475 2844 ἵ

252 2957 392 3039 quodam
417 2957 573 3022 notabilia
596 2958 754 3022 videntur.
791 2957 867 3022 Her.
882 2959 969 3022 mim.
984 2956 1026 3041 ll,
1046 2958 1079 3024 9:

410 3083 466 3145 uui
489 3085 593 3162 ζῶμεν
616 3082 677 3166 οὐχ
701 3082 744 3157 ὡς
767 3085 991 3165 βουλόμεσθα,
1015 3080 1086 3147 ἀλλ’
1100 3083 1145 3158 ὡς
1167 3081 1268 3166 ἡμέας

410 3187 427 3252 ὁ
450 3185 581 3274 auc)pr
603 3187 699 3252 ἕλκει.

199 3315 202 3326 ’
249 3327 325 3392 Non
348 3329 443 3412 plane
466 3328 640 3392 coneordat
654 3327 822 3392 Terentius
838 3327 951 3414 (Men.)
965 3328 1066 3394 Andr.
1081 3328 1158 3393 805:

383 3469 430 3535 Ut
453 3470 591 3553 quimus,
615 3470 715 3552 aiunt,
739 3471 866 3553 quando
890 3474 927 3534 ut
950 3469 1100 3534 volumus
1123 3471 1296 3536 nonlicet.

251 3611 303 3675 Ad
326 3633 477 3696 graecum
501 3613 666 3694 exemplar
692 3613 818 3676 rettulit
844 3611 1051 3676 Heindorfius
1079 3611 1175 3697 (Plat.
1191 3611 1308 3696 Cratyl.
1323 3612 1425 3698 4250)

248 3718 412 3783 Menandr.
426 3721 563 3782 monost.
580 3717 656 3781 190:
1078 3729 1080 3734 -

411 3863 515 3939 ζῶμεν
537 3861 600 3943 γὰρ
625 3859 685 3943 οὐχ
709 3859 753 3935 ὡς
775 3857 928 3942 θέλομεν,
952 3857 1023 3924 ἀλλ’
1042 3861 1085 3936 ὡς
1109 3862 1292 3943 δυνάμεθα.

339 4089 365 4155 1)
383 4085 478 4139 Etiam
496 4083 639 4154 πίσνγγος,
658 4087 733 4154 quod
753 4087 920 4141 vocabulum
934 4086 1061 4140 Herodes
1084 4089 1203 4156 usurpat
1216 4089 1292 4142 mim.
1307 4088 1366 4156 VH,
1382 4095 1424 4156 39,

249 4175 326 4244 apud
346 4175 466 4228 comicos
485 4174 614 4244 (fortasse
639 4175 714 4244 apud
737 4176 830 4245 ipsum
853 4175 1023 4246 Eubulum)
1047 4177 1159 4245 saepius
1182 4177 1303 4230 inveniri
1326 4177 1426 4230 Pollux

248 4264 338 4318 tradit
351 4263 411 4330 VII,
426 4268 473 4316 82:
506 4264 571 4326 τοὺς
598 4263 629 4316 δὲ
657 4263 692 4317 τὰ
719 4263 886 4332 ὑποδήματα
913 4259 1072 4332 (iderentur
1098 4265 1251 4334 πισύγγονς
1278 4265 1348 4318 ἔνιοι
1370 4274 1425 4318 τῶν

248 4359 378 4420 κωμικῶν
397 4353 521 4417 καλοῦσι,
540 4352 636 4405 καὶτὰ
651 4351 819 4420 ἐργαστήρια
833 4353 925 4406 αὐτῶν
939 4353 1080 4422 πισύγγια.
1109 4353 1188 4406 Hanc
1203 4353 1425 4407 observationem

248 4439 354 4501 Hensio
374 4438 470 4494 debeo¹
