2988 5084
57 363 142 416 Mim.
153 363 173 416 I.
556 400 598 410 ..
646 363 666 425 9
713 401 754 408 ..

59 545 222 625 tissimae,
250 541 408 606 obnoxios
436 562 504 604 esse
537 541 686 604 affirmat.
694 538 719 626 ¹)
769 539 901 604 Eisdem
930 542 1128 625 argumentis
1156 541 1243 626 apud

60 649 292 731 Menandrum,
320 649 347 711 si
376 646 454 730 quid
482 647 590 729 video,
617 647 725 711 nescio
755 669 836 729 quae
860 647 1050 712 muliercula
1073 670 1144 711 erae
1168 669 1243 711 suaa

59 755 257 839 persuadere
272 753 389 837 studet,
403 757 440 816 ut
450 754 553 817 amori
563 753 739 838 indulgeat.
763 753 802 817 cf.
809 752 956 816 Menand.
963 753 1038 836 209,
1047 751 1095 816 ΙΙΙ
1104 753 1242 836 p.60K.:

228 875 385 961 όέσποιτ),
403 875 547 963 ’Ἑρωτος
571 877 672 942 οὐδὲν
697 878 803 961 ἰσχύει
827 877 939 960 πλέον,

228 982 302 1048 οὐδ’
330 984 429 1060 αὐτὸς
453 984 470 1048 ὁ
494 994 626 1069 κρατῶν
648 993 716 1048 τῶν
739 981 776 1048 ἐν
795 983 927 1071 οὐρανῷ
948 989 1039 1048 θεῶν

230 1092 324 1173 Ζεύς,
348 1088 418 1154 ἀλλ’
447 1089 562 1176 ἐκείνῳ
585 1087 681 1154 πάντ’
709 1089 932 1171 ἀναγκασθεὶς
954 1102 1051 1154 ποιεῖ.

158 1231 282 1297 Comici
305 1233 390 1296 enim
409 1231 598 1314 Euripidem
623 1233 725 1296 secuti
747 1232 933 1296 hominibus
953 1234 1004 1296 vel
1023 1233 1152 1296 infimae
1171 1254 1246 1296 con·

65 1341 204 1404 dicionis
227 1340 317 1403 velut
340 1339 465 1402 ancillis
489 1339 664 1402 sententias
687 1337 873 1402 tribuebant
896 1320 1153 1422 e⁴sophistarum
1177 1344 1245 1404 arte

64 1443 227 1532 petitas.²)
273 1444 373 1509 Plane
402 1444 521 1508 eisdem
544 1445 646 1529 igitur
670 1445 773 1508 causis
798 1443 914 1527 quibus
942 1443 1108 1529 Euripidis
1135 1447 1245 1510 nutrix

66 1557 99 1616 et
119 1553 184 1635 illa,
204 1573 285 1634 quae
299 1550 386 1633 apud
399 1550 610 1614 Menandrum
625 1551 716 1634 loqui
730 1551 866 1634 videtur,
889 1551 975 1634 apud
994 1549 1245 1634 Aristophanem

65 1659 235 1722 libidinem
251 1663 283 1722 et
297 1657 491 1721 adulterium
511 1662 642 1722 excusat
660 1660 770 1740 Λόγος
788 1659 843 1721 ille
862 1659 986 1741 ἄδικος,
1010 1659 1065 1741 qui
1090 1659 1246 1742 sophista·

64 1788 139 1828 rum
165 1768 335 1848 praecepta
359 1763 483 1848 profert
506 1765 581 1828 nub.
596 1763 699 1843 Ι108οε

389 1883 447 1952 εἶτ’
475 1889 522 1964 εἰς
545 1889 604 1952 τὸν
627 1885 685 1952 Δί’
714 1886 947 1971 ἐπανενεγκεῖν

181 2007 332 2071 κακεῖνος
355 1995 400 2070 ὡς
422 1995 531 2077 ἥττων
554 1997 675 2079 ἔρωτός
698 1993 768 2058 ἐστι
791 1993 847 2060 καλ
870 2005 1054 2077 γυναικῶν·

181 2103 288 2165 καίτοι
312 2103 354 2165 σὺ
377 2102 502 2183 θνητὸς
525 2101 573 2164 dra
595 2107 680 2165 θεοῦ
703 2111 773 2176 πῶς
796 2103 908 2184 μεῖζον
931 2099 973 2165 ἂν
997 2102 1130 2184 όόναιυ;

69 2243 183 2326 ltaque
215 2244 293 2308 talia
325 2247 456 2326 peccata
493 2243 657 2306 lenissimo
695 2263 824 2326 quoque
854 2243 985 2306 nomine
1018 2243 1182 2326 appellant
1216 2247 1248 2307 et

70 2349 241 2434 Euripides
265 2354 297 2414 et
321 2350 435 2414 comici
459 2349 582 2432 etipse
605 2347 760 2413 Herodes.
807 2350 845 2413 cf.
860 2349 992 2433 Hippoi.
1008 2349 1087 2412 507:

210 2479 242 2537 al
261 2496 312 2536 τοι
337 2474 428 2538 δοκεῖ
450 2489 504 2536 σοι
528 2483 611 2558 χρῆν
634 2473 696 2556 μὲν
719 2475 760 2538 οὔ
784 2472 813 2538 σ’
833 2473 1082 2558 ἁμαρτάνειν.

73 2619 105 2678 et
129 2615 206 2679 615:

207 2737 390 2822 σύγγνωθ’·
415 2739 605 2824 ἁμαρτεῖν
628 2741 715 2816 εἰκὸς
739 2739 950 2825 ἀνθρώπους,
974 2738 1114 2802 τέανυν

5 2947 8 2954 ,
73 2880 147 2945 Her.
167 2882 254 2944 mim.
268 2879 297 2964 Ι,
317 2881 373 2944 61:
406 2880 476 2946 ἀλλ’
514 2877 539 2945 ὦ
571 2881 690 2946 τέκνον
721 2905 777 2962 μοι
809 2883 980 2966 Μητρλχη,
1013 2883 1093 2964 μίαν
1125 2881 1249 2964 ταύτην

74 2987 266 3072 ἁμαρτίην
290 2989 357 3064 δός.
397 2987 437 3070 V,
451 2988 510 3052 27:
530 2989 709 3072 ἄνθρωπός
724 2990 800 3071 εἰμι,
815 2988 999 3073 ἥμαρτον,
1013 2988 1052 3052 cf.
1062 2988 1146 3050 infra
1156 3010 1186 3072 p.
1197 2987 1251 3054 37.

163 3093 271 3158 Primo
296 3094 460 3178 impudica
482 3091 617 3159 nutricis
642 3095 776 3159 consilia
798 3093 944 3158 Phaedra
967 3115 1096 3176 quoque
1119 3095 1251 3177 respuit,

75 3201 169 3264 sicuti
191 3198 358 3283 Metricha,
381 3199 513 3284 Hippol.
528 3201 607 3264 498:

288 3320 313 3388 ὦ
338 3325 432 3389 δεινὰ
456 3323 576 3408 λέξασ,
600 3326 674 3410 cdxl
698 3322 896 3411 συγκλῄσας
920 3326 1023 3406 στόμα

287 3429 342 3494 καὶ
365 3433 409 3514 μὴ
433 3435 589 3515 μεθήσεις
612 3427 714 3509 αὖθις
737 3433 927 3516 αἰσχίστους
950 3433 1083 3515 λόγους,

78 3573 114 3636 cf.
134 3570 208 3634 Her.
228 3572 315 3634 mim.
335 3569 359 3654 Ι,
380 3572 430 3634 73.

165 3676 204 3741 ln
227 3678 392 3744 comoedia
420 3679 604 3762 ubicunque
631 3680 704 3744 lena
728 3680 880 3762 occurrit,
908 3701 1034 3763 semper
1057 3679 1166 3743 eadem
1190 3683 1251 3742 est:

78 3785 193 3867 vetula,
206 3785 335 3866 loquax,
354 3786 429 3849 vino
445 3785 560 3868 dedita,
574 3786 699 3868 puellae
713 3785 900 3870 praedicans
914 3785 1112 3869 pudicitiam,
1131 3785 1251 3869 arguti-

79 3913 166 3955 arum
191 3895 223 3954 et
246 3891 477 3954 sententiarum
505 3893 713 3976 peritissima,
742 3893 878 3974 denique
906 3893 993 3974 talis,
1022 3892 1125 3974 qualis
1154 3892 1251 3955 etiam

80 4002 126 4062 est
148 3997 234 4080 apud
256 3996 433 4082 Herodem,
461 4001 546 4062 certe
570 4021 667 4081 quam
690 3999 744 4063 hic
768 3999 855 4062 dedit
882 3999 990 4082 imago
1014 3997 1180 4061 verissima
1203 4000 1252 4060 est

80 4108 111 4168 et
133 4125 228 4186 quam
251 4105 390 4168 maxime
414 4105 562 4170 ad'vitae
586 4105 828 4169 similitudinem
853 4126 1012 4188 expressa.

167 4299 193 4364 1)
211 4295 326 4364 Hippol.
340 4301 402 4362 453,
421 4295 458 4355 cf.
471 4303 536 4352 458:

343 4384 488 4454 στέργουσι
507 4382 536 4440 d'
548 4382 635 4455 οἶμαι,
655 4390 786 4459 συμφορᾷ
807 4386 964 4454 νικώμενοι,

166 4475 192 4543 2)
211 4473 253 4527 De
272 4474 326 4528 hac
344 4473 489 4542 Euripidis
508 4474 709 4528 consuetudine
729 4473 764 4528 of.
779 4473 867 4542 Kock,
881 4473 970 4542 praef.
984 4472 1058 4527 τοι.8
1071 4490 1099 4541 p.
1115 4477 1156 4525 20.
