2988 5084
739 327 960 390 „32-

844 501 897 568 καὶ
922 503 1056 586 τριηκόις
1079 503 1099 585 ἡ
1118 505 1218 587 πικρὴ

418 613 477 674 τὸν
500 611 625 692 μισθὸν
648 611 732 674 αἰτεῖ
754 608 817 692 κῆν
839 610 879 672 τὰ
902 609 1084 674 Ναννάκου
1107 609 1249 672 κλαύσω.

259 752 468 835 Phidippides
493 753 531 815 de
553 753 661 835 priore
685 773 743 815 sua
765 751 881 814 inertia
904 751 966 813 hoc
990 750 1069 815 dicii
1087 774 1115 814 v.
1138 751 1236 815 1402:

326 892 398 957 οὐδ’
426 891 468 958 ἂν
491 893 557 979 τρί’
586 895 692 958 εἰπεῖν
716 891 838 978 ῥήμαθ’
867 884 937 968 οἷός
959 891 988 956 τ’
1015 887 1058 974 ἦν
1080 893 1160 977 πρὶν
1183 889 1375 978 ἐξαμαρτεῖν

260 1039 323 1100 quo
347 1039 420 1082 cum
443 1017 514 1083 loco
539 1017 683 1082 conferre
706 1018 796 1080 iuvat
810 1016 885 1081 Her.
901 1040 929 1080 u.
945 1017 996 1100 22,
1011 1017 1107 1102 30sq.

351 1141 386 1206 si
410 1142 488 1225 quid
511 1163 592 1226 puer
613 1145 814 1225 peccaverat,
842 1141 927 1224 apud
955 1145 1078 1205 veteres
1106 1139 1292 1224 ἐπετρίβετο
1315 1142 1443 1204 τνιιτό-
1480 1125 1481 1174 l

260 1270 358 1329 μενος
380 1248 515 1331 πολλάς,
539 1240 582 1323 ὧς
604 1249 662 1322 τὰς
686 1249 827 1322 Μούσας
854 1246 1024 1330 ἀφανίζων
1047 1243 1227 1332 (Arisloph.
1245 1246 1321 1310 nub.
1341 1243 1442 1330 972);

260 1353 299 1417 cf.
317 1353 421 1418 Plaut.
437 1353 551 1418 Bacch.
571 1353 636 1417 433
662 1350 810 1439 (Orusius
830 1353 948 1419 Uulsca.
963 1375 993 1435 p.
1010 1353 1028 1414 7
1032 1350 1075 1430 6).

328 1494 409 1559 (lum
431 1495 552 1558 librum
575 1496 706 1581 legeres,
730 1495 758 1558 si
781 1517 879 1558 unam
901 1493 1099 1578 peccavisses
1122 1493 1288 1576 syllabam,

328 1600 436 1666 Ficret
459 1603 582 1666 corium
604 1605 672 1666 tam
695 1599 893 1664 maculosum
917 1604 1046 1684 quamsi
1068 1600 1201 1664 nutricis
1224 1599 1368 1682 pallium.
1480 1601 1481 1692 l

261 1765 324 1826 quo
349 1765 422 1808 cum
444 1745 517 1806 loco
541 1744 580 1806 cf.
601 1741 675 1806 Her.
696 1743 804 1822 89sq.:

475 1883 546 1948 ἀλλ’
574 1882 665 1948 ἐστὶν
687 1883 790 1967 ὕδρης
813 1883 1046 1967 ποικιλώτερος
1068 1888 1180 1970 πολλῷ

475 1991 530 2054 καὶ
555 1991 606 2054 δεῖ
629 1993 744 2072 λαβεῖν
767 2014 823 2054 νιν
845 1985 925 2053 κάπὶ
948 1989 1076 2076 βυβλίῳ
1100 1990 1204 2072 δήιον

474 2097 511 2160 τὸ
534 2095 649 2180 μηδέν,
673 2098 774 2172 ἄλλας
797 2096 924 2160 εἴκοσιν
948 2092 1025 2178 yal)

261 2238 397 2322 Eorum,
426 2259 506 2321 quae
529 2238 715 2302 Metrolima
741 2216 841 2320 uuero
871 2236 1060 2320 opprobrat,
1087 2241 1241 2318 tanquam
1269 2235 1364 2301 cardo
1388 2240 1440 2300 est

263 2345 422 2408 sententia
444 2344 532 2426 haec,
561 2365 642 2426 quae
665 2344 700 2406 in
723 2343 938 2407 Bacchidibus
963 2343 1100 2407 occurrit
1124 2342 1167 2429 (v.
1188 2342 1265 2425 1643
1293 2342 1441 2424 loquiiur

261 2447 498 2534 paedagogus):

372 2589 511 2656 Nimio's
534 2595 570 2656 lu
593 2590 633 2654 ad
655 2591 733 2655 istas
756 2613 807 2654 res
831 2589 1008 2672 discipulus
1032 2590 1167 2654 docilior

375 2697 478 2774 Quam
502 2698 542 2760 ad
565 2696 621 2760 illa
645 2718 726 2780 quae
749 2701 782 2761 le
805 2697 909 2782 docui,
932 2697 988 2760 ubi
1012 2717 1143 2779 operam
1165 2695 1298 2778 perdidi.

263 2840 302 2904 cf.
317 2839 393 2903 Her.
408 2840 494 2902 mim.
509 2837 568 2920 IH,
583 2839 664 2921 8sq.,
683 2837 778 2920 susq.

352 2944 465 3008 Pueris
489 2945 569 3008 bene
588 2945 720 3007 moralis
738 2966 779 3007 ne
797 2943 929 3006 muttire
953 2943 1081 3026 quidem
1104 2943 1235 3007 licuisse
1258 2943 1438 3027 priscorum
1480 2971 1481 3016 ι

263 3054 446 3134 lempoium
469 3050 618 3114 laudator
639 3053 749 3113 uenat
771 3049 846 3113 nub.
867 3049 944 3113 963:
1480 3017 1481 3060 i

308 3203 441 3276 πρῶτον
464 3191 524 3272 μὲν
547 3193 614 3256 ἔδει
637 3193 755 3266 παιδὸς
778 3191 896 3275 φωνὴν
919 3189 1101 3275 γρύξαντος
1124 3188 1236 3274 μηδέν’
1264 3190 1417 3272 ἀκοῦσαι;

264 3339 298 3398 αι
326 3335 410 3417 apud
438 3333 600 3396 Herodam
629 3333 713 3396 idam
741 3333 926 3415 parentibus
955 3354 1021 3396 non
1048 3333 1124 3396 licet
1151 3333 1302 3396 adversus
1325 3331 1440 3415 filium,

265 3441 352 3504 mim.
367 3438 426 3522 IH,
441 3439 496 3503 36:

638 3528 680 3611 ἢν
704 3526 743 3591 δέ
765 3529 807 3610 δή
828 3551 859 3591 τι
883 3528 937 3591 καὶ
956 3531 1067 3607 μεῖζον

478 3631 597 3717 νρύξαι
620 3632 781 3714 θέλωμεν.

355 3775 423 3840 Iam
448 3774 591 3861 singulas
614 3797 665 3839 res
688 3775 858 3838 afferamus
882 3775 1056 3838 secundum
1079 3794 1229 3836 versuum
1254 3772 1407 3836 ordinem.

266 3942 295 3982 u.
312 3918 350 3982 11
369 3923 401 3982 et
416 3918 471 3980 64:
815 3917 897 4000 πρὸς
921 3917 958 3980 δὲ
981 3917 1041 3998 τὴν
1064 3917 1228 3998 παίστρην

502 4021 539 4087 ἐν
561 4033 648 4087 τοῖσι
670 4023 881 4108 τρούνίνοισι
904 4024 1063 4106 χαλκίζεις
1087 4020 1241 4105 φοιτέων.

266 4167 479 4176 —-——-—-

357 4253 383 4320 1)
403 4249 487 4312 ἄλλας
505 4245 611 4304 εἴκοσίν
625 4268 655 4318 γε
675 4249 733 4302 scil.
748 4248 863 4318 πληγάς,
881 4250 915 4302 ul
928 4248 1126 4318 Aristophanis
1139 4249 1201 4302 loco
1221 4264 1306 4317 supra
1323 4248 1439 4302 laudato

266 4341 301 4408 (v.
322 4342 396 4409 ulau
426 4338 460 4393 cf.
489 4339 575 4394 eiiam
598 4338 739 4406 Asistoph.
765 4353 806 4390 av.
832 4342 913 4390 1018:
943 4333 1097 4392 ἐπίκεινται
1124 4337 1177 4406 γὰρ
1207 4337 1288 4406 ἐγγὺς
1315 4338 1399 4391 αὑταὶ
1421 4337 1438 4391 i.

265 4423 377 4498 πληγαί.
416 4427 470 4482 Sed
488 4427 559 4482 hacc
578 4426 684 4496 ellipsis
702 4426 808 4492 ubique
827 4425 957 4494 frequens
978 4429 1028 4480 est.
