2988 5084
80 317 159 370 anm.
169 317 202 369 11.
565 357 607 366 ..
655 320 696 384 29
744 357 786 365 -

130 496 165 560 Si
188 496 269 560 mihi
293 496 410 560 dantur
433 496 496 559 duo
519 495 640 560 talenta
663 498 789 580 argenti
812 499 978 560 numerata
1001 496 1036 560 in
1058 519 1198 579 manum,

127 601 221 666 Hanc
242 601 304 665 tibi
327 604 454 665 noctem
554 601 639 665 dono
664 601 755 665 dabo.

84 725 206 789 et239:
229 723 280 788 Ut
299 726 418 808 voles,
441 729 482 788 ut
505 725 579 789 tibi
597 725 762 808 lubebit,
784 726 896 790 nobis
915 727 1037 810 legem
1056 726 1260 808 imponito:

229 829 327 894 Modo
350 835 457 894 tecum
475 853 540 895 una
559 835 728 917 argentum
752 832 886 916 adferto,
908 832 1002 896 facile
1025 833 1129 914 patiar
1148 835 1260 896 cetera.
1375 921 1379 929 Ι

84 954 205 1020 Sannio
228 956 263 1018 in
281 953 410 1018 Terenti
429 952 586 1038 Adelphis
610 958 646 1018 ut
665 954 816 1019 Battarus
839 955 1025 1020 verberibus
1048 955 1131 1020 ictus
1151 955 1259 1020 oblato

83 1067 218 1147 argento
241 1062 336 1126 facile
359 1062 518 1146 placatur3
541 1061 702 1125 namhoc
725 1063 878 1146 cognovit
901 1085 930 1126 v.
945 1062 1024 1125 206:

512 1186 640 1268 quando
664 1208 738 1250 eum
757 1190 931 1268 quaestum
956 1188 1118 1269 occeperis

218 1291 406 1374 accipiunda
430 1296 461 1354 et
484 1292 683 1356 mussitanda
706 1293 823 1356 iniuria
846 1279 1139 1357 adulescentiumst.

174 1415 282 1480 Etiam
306 1414 432 1478 Labrax
455 1416 560 1500 plagis
589 1417 728 1499 acceptis
761 1417 896 1500 aliisque
923 1415 1166 1480 imminentibus
1199 1415 1261 1478 hoc

84 1521 238 1605 proponit
260 1519 365 1584 Plaut.
384 1519 466 1584 Rud.
488 1520 564 1584 726:

174 1627 232 1709 Tu,
255 1647 360 1709 senex,
384 1628 411 1691 si
434 1627 512 1691 istas
536 1650 633 1710 amas,
655 1627 720 1691 huc
742 1627 831 1691 arido
855 1633 1021 1712 argentost
1045 1650 1135 1712 opus.

174 1751 293 1834 Habes,
317 1751 404 1833 quod
426 1752 488 1816 hoc
512 1773 640 1835 quoque
662 1752 735 1816 loco
759 1753 909 1816 eximiam
928 1753 1094 1816 admireris
1112 1750 1260 1815 Herodae

84 1863 196 1940 artem,
216 1857 271 1940 qui
287 1862 324 1921 ut
338 1857 457 1942 insigni
473 1857 610 1940 quadam
628 1880 736 1922 rerum
750 1859 964 1941 discrepantia
978 1859 1102 1922 animos
1117 1859 1261 1941 delectet,

84 1964 171 2048 apud
189 1965 342 2028 honestos
365 1967 397 2027 et
420 1967 564 2028 austeros
583 1964 704 2028 iudices
722 1965 871 2028 lenonem
890 1965 1014 2028 inducit
1031 1986 1098 2028 non
1116 1965 1209 2028 aliter
1228 1986 1261 2027 se

85 2075 249 2156 gerentem
278 2092 374 2153 quam
402 2071 430 2133 si
457 2071 490 2132 in
518 2071 665 2153 lupanari
697 2075 849 2134 versetur.
899 2069 984 2134 Nam
1017 2071 1051 2134 in
1082 2071 1146 2154 his,
1179 2091 1261 2152 quae

84 2183 238 2260 tanquam
266 2177 417 2259 privatim
446 2197 520 2240 cum
547 2177 728 2240 adversario
756 2178 825 2262 agit
853 2175 896 2263 (v.
917 2174 1077 2262 71—81),
1104 2177 1201 2240 talem
1226 2198 1260 2238 se

85 2284 226 2368 praebet,
249 2283 352 2366 qualis
377 2287 434 2364 est,
457 2283 680 2346 avarissimum
702 2280 892 2369 lenonem.¹)

175 2387 238 2452 Sed
273 2389 353 2452 haec
388 2388 557 2472 hactenus3
594 2409 696 2472 pauca
733 2390 876 2454 dicamus
914 2390 1010 2454 etiam
1048 2389 1086 2452 de
1118 2387 1260 2452 Thalete.

86 2496 179 2572 Quod
202 2495 287 2578 apud
307 2492 442 2558 Graecos
463 2499 494 2558 et
513 2494 677 2559 Romanos
700 2495 865 2560 libidinosi
889 2495 1113 2559 describuntur
1135 2499 1260 2574 nautae,

84 2602 148 2666 hoc
172 2603 367 2666 comicorum
395 2601 601 2684 potissimum
629 2622 817 2686 graecorum
845 2603 1020 2666 imitationi
1047 2605 1096 2664 est
1118 2601 1260 2664 tribuen-

86 2705 205 2794 dum2),
228 2729 331 2790 neque
350 2708 456 2784 minus
476 2709 596 2771 crimen
615 2708 782 2791 superbiae
801 2731 820 2771 a
837 2707 971 2772 Battara
989 2711 1106 2772 nautae
1125 2706 1260 2770 illatum.

86 2815 125 2877 cf.
140 2811 315 2897 Antiphon.
329 2814 366 2876 fr.
384 2813 456 2896 151,
471 2812 503 2876 Il
517 2837 546 2897 p.
563 2813 663 2878 73K.:

259 2918 312 2983 ἐπὶ
336 2923 499 3004 χρήμασιν
522 2918 553 2984 d’
580 2921 628 2984 cv
651 2923 793 3005 ἔμπορος
817 2931 936 3006 φρονεῖ
958 2918 1081 3006 pipard)

88 3023 294 3090 (iratissimus
305 3029 354 3090 est
364 3047 467 3109 coquo
478 3026 564 3110 apud
574 3026 743 3109 Diphilum
754 3023 860 3112 (11.43,
869 3025 937 3110 Ilp.
948 3025 1013 3090 553
1023 3024 1073 3111 K.)
1084 3029 1190 3108 nauta,
1205 3026 1261 3106 qui

405 3131 640 3196 εἰσπέπλευκεν
663 3130 698 3196 ἐκ
723 3135 907 3210 Βυζαντίου

268 3247 422 3322 τριταῖος,
446 3237 587 3322 ἀπαθής,
611 3237 811 3324 εὐπορηκώς,
834 3241 1022 3324 περιχαρής,

268 3346 315 3420 εἰς
338 3341 405 3408 δέκ’
433 3343 486 3408 ἐπὶ
509 3353 549 3430 τῇ
571 3353 638 3431 μνᾷ
661 3345 834 3428 μεμονέναι
856 3346 911 3410 καὶ
935 3347 1073 3426 δώδεκα,

270 3455 380 3514 λαλῶν
401 3452 442 3514 τὰ
465 3457 571 3515 ναῦλα
594 3450 649 3515 καὶ
673 3450 777 3516 δάνει’
804 3451 1010 3536 ἐρυγγάνων,

269 3554 437 3640 ἀφροδίσι’
464 3557 529 3620 ὑπὸ
553 3560 691 3634 κόλλοψι
714 3567 914 3642 μαστροποῖς
936 3568 1050 3620 ποιῶν.

87 3678 125 3741 cf.
135 3675 239 3741 Plaut.
249 3677 363 3742 Pseud.
376 3679 452 3742 188:
475 3679 663 3762 Hedyllium
679 3731 685 3743 .
700 3729 707 3743 .
723 3731 729 3743 .
745 3701 826 3762 quae
850 3679 977 3743 amica's
1000 3677 1258 3764 frumentarias)

177 3889 202 3955 1)
222 3887 257 3939 cf.
272 3886 393 3940 Hensius
407 3887 425 3940 l.
440 3888 534 3941 12221
554 3888 607 3942 Die
625 3889 757 3943 burleske
780 3890 839 3956 Art,
859 3888 912 3942 wie
931 3888 991 3941 sich
1010 3889 1061 3941 das
1084 3887 1260 3956 porsdnliche

86 3975 212 4028 Moment
243 3975 353 4030 liberall
384 3975 536 4046 eiudrangt
556 4020 560 4029 .
577 4018 583 4030 .
601 4020 605 4029 .
625 3979 676 4031 hat
708 3979 758 4031 der
784 3977 901 4031 Dichter
927 3977 980 4030 mit
1002 3975 1129 4030 Bedacht
1152 3976 1181 4028 in
1205 3977 1260 4028 den

86 4063 187 4117 Dienst
206 4063 255 4117 der
274 4063 497 4118 Charakteristilr
516 4065 638 4135 gostellt.

176 4154 203 4220 2)
222 4151 256 4204 cf.
275 4152 351 4206 locos
372 4169 388 4206 a
407 4153 504 4208 Crusio
523 4155 647 4208 adscitos
670 4155 776 4210 [latere.
790 4173 818 4223 p.
834 4161 876 4208 52.

177 4243 203 4308 3)
223 4239 291 4293 Cum
305 4259 329 4293 v.
345 4247 378 4294 32
398 4242 432 4294 cf.
448 4242 593 4296 Menandr.
609 4247 673 4296 302:
693 4243 721 4296 οἱ
741 4251 883 4312 φυσῶντες
902 4239 950 4311 ἐφ’
971 4243 1082 4305 ἑαυτοῖς
1100 4240 1177 4310 μέγα.

175 4331 203 4397 4)
222 4329 330 4383 scilicet
353 4330 401 4397 iis,
429 4331 478 4397 qui
501 4333 533 4384 ut
556 4331 658 4386 Thales
681 4331 799 4386 navibus
822 4331 993 4386 frumentum
1016 4331 1208 4399 importabant
1231 4335 1260 4384 et

85 4416 190 4484 populo
211 4417 410 4472 divendebant.
448 4419 482 4472 cf.
498 4419 595 4472 Horat.
611 4437 633 4472 c.
648 4420 695 4487 Ill,
711 4426 735 4488 6,
751 4426 797 4487 30;
816 4421 897 4489 epod.
912 4419 997 4487 xvh,
1012 4425 1054 4474 20.
