2988 5084
102 341 229 395 umvr
247 339 374 410 (mxi).
585 378 629 388 -
675 341 717 406 39
763 378 807 386 -

100 520 201 606 Apud
222 518 475 602 Aristophanem
497 518 676 601 Lysistrata
700 517 738 580 de
761 517 872 581 eadem
894 537 928 580 re
952 517 1029 581 dicit
1052 516 1232 600 v.108sq.:

316 624 349 704 ἐξ
373 619 414 689 οὗ
438 626 500 710 γὰρ
524 625 607 707 ἡμᾶς
629 625 824 710 προῦδοσαν
845 626 1019 707 Μιλήσιοι,

317 731 380 796 οὐκ
402 726 495 796 εἶδον
518 727 590 795 οὐδ’
619 731 757 813 ὄλισβον
780 729 1041 812 ὀκτωδάκτυλον,

316 836 353 913 ὃς
374 832 418 920 ἦν
440 835 483 901 ἂν
505 837 585 919 ἡμῖν
608 837 746 920 σκυτίνη
765 831 944 920 ’κτκονρίοτ

191 960 453 1026 Muliercularum
475 960 657 1043 libidinem,
684 959 863 1042 lasciviam,
890 958 1052 1022 luxuriam
1079 957 1203 1022 mediae
1226 979 1277 1022 co-

101 1067 247 1132 moediae
269 1067 374 1151 poetis
397 1067 433 1130 in
454 1066 558 1149 iisque
576 1066 715 1129 maxime
733 1064 863 1128 Eubulo
887 1064 1008 1129 salibus
1032 1056 1190 1128 defricare
1210 1066 1278 1127 erat

101 1175 137 1238 in
157 1173 291 1238 deliciis.
328 1170 418 1236 Idem
436 1171 609 1236 mulierum
632 1175 665 1235 et
687 1171 940 1236 adulescentium
964 1173 1139 1236 conventus
1163 1169 1279 1235 descri-

100 1279 212 1362 bebat,
245 1299 325 1362 quos
358 1300 425 1342 non
455 1282 523 1342 tam
555 1299 717 1342 sacrorum
745 1277 980 1360 faciendorum,
1010 1299 1107 1361 quam
1133 1275 1278 1341 libidinis

102 1385 279 1468 explendae
303 1406 398 1449 causa
420 1382 623 1469 habebant.1)

190 1489 409 1554 Domesticam
432 1488 604 1554 mulierum
628 1489 728 1553 vitam
751 1487 897 1552 Herodes
925 1488 1023 1552 etiam
1050 1489 1086 1553 in
1108 1485 1279 1572 Apenesti·

99 1596 244 1661 nomenis
267 1599 300 1660 et
324 1593 610 1680 Synergazomenis
633 1595 839 1678 descripsisse
861 1594 998 1676 videtur,
1021 1595 1077 1677 qui
1099 1594 1279 1658 mimiambi

100 1703 130 1766 si
153 1706 260 1768 essent
282 1702 409 1787 integri,
432 1702 665 1785 amplissimam
687 1700 775 1764 haud
798 1701 894 1764 dubie
917 1700 1160 1783 suppeditarent
1184 1722 1279 1783 quae·

102 1809 204 1873 stioni
227 1812 356 1892 nostrae
379 1809 555 1872 materiam.
603 1806 747 1883 Quorum
770 1807 852 1870 alter
874 1807 989 1889 incipit
1012 1828 1031 1869 a
1053 1806 1158 1871 verbis

404 1913 518 1992 ἕζεσθε
541 1923 651 1978 πᾶσαν.
688 1923 751 1978 κοῦ
773 1915 810 1977 τὸ
833 1915 984 1997 παιδίον,

101 2041 209 2104 pupus
240 2019 342 2104 igitur
374 2019 463 2084 adest
494 2024 531 2084 ut
567 2020 665 2084 etiam
696 2020 783 2102 apud
814 2018 1022 2084 Theocritum
1056 2016 1278 2104 (XV,1lsq.).

100 2124 253 2189 Mulieres
286 2125 520 2190 inducebantur
551 2129 714 2209 potantes,
751 2129 843 2188 acute
875 2124 1093 2208 fragmentum
1125 2128 1278 2209 νίήχωνκ

100 2231 257 2316 adgnovit
275 2229 491 2296 Buechelerus
510 2235 543 2296 et
566 2231 751 2296 ‘ientaculo'
776 2231 956 2314 adscripsit,
978 2230 1020 2294 ad
1042 2252 1131 2296 sacra
1155 2228 1278 2296 Cereris

100 2337 198 2400 istam
217 2337 383 2420 potionem
402 2338 561 2421 pertinere
579 2341 665 2402 recte
680 2335 835 2402 iudicavit
850 2334 1021 2423 Orusiue.²)
1059 2337 1152 2401 Tales
1171 2339 1279 2401 autem

102 2442 277 2506 mulierum
309 2446 485 2509 conventus
518 2444 582 2507 iam
615 2466 634 2506 a
667 2441 837 2528 Sophrone
869 2440 1052 2529 descripti³)
1089 2433 1228 2507 maxime
1260 2465 1279 2507 a

102 2549 227 2613 mediae
250 2550 434 2614 comoediae
457 2551 561 2633 poetis
584 2546 905 2636 repraesentantur4),
938 2549 994 2614 sed
1017 2553 1085 2614 erat
1111 2547 1280 2613 Menandri

101 2676 230 2737 quoque
249 2655 358 2719 fabula
369 2659 625 2740 Σνννριστῶσαι
644 2655 683 2720 cf.
693 2655 731 2718 fr.
741 2655 816 2739 451,
830 2653 889 2738 HI,
903 2653 1005 2738 p.129
1012 2653 1050 2718 K.
1057 2651 1083 2741 ⁶)
1116 2654 1166 2718 De
1180 2677 1280 2719 mere-

101 2761 237 2825 tricibus
265 2761 363 2826 etiam
391 2762 425 2826 in
452 2760 754 2845 Apenestizomenis
784 2761 838 2846 agi
864 2765 902 2825 ut
929 2761 964 2824 in
991 2759 1279 2845 Synergazomenis

101 2867 276 2932 verisimile
313 2871 369 2932 est.
424 2865 531 2931 Huius
568 2867 698 2950 quidem
735 2867 886 2932 carminis
922 2888 1033 2931 versus
1070 2870 1176 2931 exstat
1212 2867 1279 2932 hic:

101 2975 257 3057 προσφὺς
285 2972 368 3050 ὅκως
395 2997 445 3049 τις
472 2974 640 3059 χοιράδων
671 2973 843 3058 ἀναρίτης,
871 2973 928 3036 ubi
954 2971 1170 3038 Buechelerus
1197 2972 1279 3038 bene

99 3077 272 3164 προσφῦσ’
300 3079 429 3162 scripsit
447 3077 810 3161 conl.A1istoph.Plut.
826 3072 926 3143 1095':
948 3079 986 3144 τὸ
1009 3075 1152 3165 γρᾴδιον
1170 3079 1278 3164 ὥσπερ

102 3185 202 3261 λεπὰς
220 3192 265 3272 τῷ
280 3186 437 3273 μειρακίῳ
455 3183 700 3272 κροσίσχετκιθ)
723 3185 770 3250 ita
788 3189 825 3250 ut
847 3185 941 3250 facile
960 3184 1138 3270 intellegas,
1162 3185 1278 3269 quibus

194 3375 573 3446 1)cf.fr.rs‚11p.190K.
598 3409 632 3417 -
657 3377 836 3446 Quantopere
863 3376 935 3430 talia
957 3376 1083 3430 Eubulus
1112 3378 1278 3446 argumenta

101 3463 284 3531 adamaverit,
303 3464 359 3533 ipsi
377 3465 538 3518 fabularum
556 3465 634 3518 tituli
653 3465 756 3519 docent
774 3481 791 3518 a
809 3464 988 3518 meretricum
1006 3465 1166 3518 nominibus
1185 3465 1277 3534 petiti,

103 3553 181 3607 velut
200 3552 362 3622 clepsydra,
380 3551 493 3606 Neottis'
512 3552 558 3621 (cf.
573 3552 676 3607 Herod.
691 3553 766 3605 mim.
782 3552 829 3620 VI,
844 3557 887 3620 20,
902 3556 956 3622 22),
974 3552 1110 3623 Plangon,
1130 3551 1277 3622 Chryeilla.

192 3644 219 3710 2)
243 3641 347 3696 Uetere.
363 3658 389 3710 p.
407 3645 466 3694 161.

192 3733 219 3799 3)
239 3729 273 3783 cf.
287 3729 321 3782 fr.
338 3734 455 3797 15-183
475 3729 561 3784 etiam
584 3730 637 3783 Tul
651 3737 855 3797 σοναριστῶσαι
873 3729 1000 3782 fabulam
1019 3729 1171 3800 Sophronis
1190 3729 1277 3784 firisse

100 3818 224 3873 coniecit
241 3817 483 3872 Wilamowitzius.
573 3865 576 3871 .

192 3909 220 3976 4)
239 3906 274 3960 cl.
289 3906 442 3975 Antiphon.
458 3906 541 3975 Myst.
556 3905 589 3959 fr.
606 3912 666 3974 163,
682 3911 741 3960 166.
774 3905 874 3959 Eubul.
890 3905 923 3958 fr.
939 3910 982 3973 43,
998 3911 1058 3973 124,
1074 3911 1124 3960 126
1139 3907 1192 3959 etc.

193 3998 220 4064 6)
240 3996 274 4048 cf.
290 3993 632 4052 f1.455P11n.Nat.hisc.
648 3999 691 4062 23,
711 3999 762 4048 169
781 3993 875 4062 Mayh.
900 3995 1018 4062 (myrtus
1042 3994 1149 4048 sativae
1172 3998 1277 4064 semen)

101 4084 218 4138 odorem
233 4083 288 4137 oris
298 4083 477 4138 commendat
486 4083 530 4138 vel
544 4083 636 4152 pridie
651 4083 921 4137 commanducatum,
950 4081 992 4136 ita
1006 4082 1082 4150 apud
1092 4081 1278 4136 Menandrum

103 4172 298 4240 synaristosae
316 4172 370 4226 hoc
389 4172 484 4226 edunt.

193 4264 220 4330 6)
239 4259 273 4314 cf.
288 4260 430 4328 Aristoph.
446 4277 521 4329 vesp.
538 4266 601 4328 106,
624 4261 675 4314 ubi
698 4277 732 4314 ea
754 4260 849 4329 imago
873 4260 909 4314 de
927 4259 1106 4314 Philocleone
1124 4261 1278 4328 usurpatur

102 4349 210 4404 iudicia
228 4349 447 4416 frequentantis:
467 4347 558 4417 ὥσπερ
577 4349 663 4412 λεπὰς
679 4347 886 4419 προσεχόμενος
898 4351 936 4419 τῷ
949 4344 1037 4415 κίρνη
1057 4347 1091 4402 cf.
1106 4346 1139 4400 fr.
1155 4348 1200 4401 ed.
1217 4353 1277 4415 728,

102 4437 143 4491 ΙΙΙ
155 4455 183 4506 p.
199 4442 263 4505 ⁶³⁷3
282 4437 315 4490 fr.
332 4442 399 4490 1306
419 4455 446 4506 p.
462 4442 522 4491 cac.
