2988 5084
90 326 409 395 Mim.V11,ro‚eo‚1oe.
571 367 615 374 ..
660 329 702 392 47
749 367 793 375 .-

179 530 207 572 v.
224 507 279 571 69:
305 556 357 572 ...
376 505 454 592 ῥινᾶ
477 502 573 592 (coni.
588 503 651 591 Bl.)
727 531 728 536 ¹

92 635 172 696 quae
186 612 304 678 Blessii
319 612 511 694 coniectura,
535 611 681 694 quemvis
697 615 772 695 apta
791 612 842 694 sit,
861 615 970 675 tamen
983 635 1050 676 non
1063 613 1159 695 plane
1173 617 1269 677 certa.

91 719 213 803 Utique
237 719 336 805 ῥινᾶν
358 717 735 802 salutassemus,
760 717 864 802 ῥινός,
886 719 1094 800 nequeenim
1115 718 1200 783 idem
1220 723 1271 784 est

91 847 129 890 ac
151 835 208 909 τῆς
231 825 324 910 ῥινὸς
347 823 469 907 ἕλκειν,
497 846 556 907 pro
586 845 649 906 quo
678 823 777 908 ῥινᾶν
807 823 902 906 plane
930 823 1087 908 singulari
1109 824 1270 888 brevitate

92 931 263 1016 diceretur3
282 931 382 994 immo
396 933 535 994 tractum
551 933 599 994 est
614 952 633 992 a
647 929 722 1015 ῥίνη
738 927 925 1015 (ἐργαλεῖον
944 932 1144 1014 τεκτονικόν,
1172 921 1198 1018 ᾧ
1219 931 1268 1016 ῥι-Ἰ

91 1046 213 1102 νοᾶσιν
222 1036 321 1100 schol.
331 1035 496 1118 Aristoph.
506 1058 572 1100 ran.
584 1033 673 1122 931),
688 1035 815 1122 undeet
829 1035 928 1120 ῥινᾶν
938 1035 1100 1100 derivatur
1111 1040 1143 1100 et
1153 1036 1271 1120 ῥινεῖν.

93 1165 131 1206 ex
155 1143 266 1206 eodem
289 1143 391 1226 igitur
414 1162 528 1224 campo
552 1142 691 1224 petitum
715 1145 763 1206 est
786 1163 823 1206 ac
845 1141 997 1206 Plautina
1014 1141 1084 1206 illa:
1108 1142 1269 1206 deasciare

92 1245 215 1336 (ascia),
247 1248 454 1312 denmcinare
485 1244 646 1334 (runcina)
679 1247 698 1310 i.
727 1269 752 1311 e.
783 1247 936 1332 decipere.
992 1247 1137 1312 Verbum
1171 1248 1272 1333 ῥινᾶν

92 1354 266 1420 Menandro
291 1376 417 1438 quoque
440 1354 597 1418 usitatum
620 1354 719 1417 fuisse
738 1358 871 1437 apparet
890 1377 929 1418 ex
951 1353 1097 1436 reliquiis
1115 1352 1190 1441 (ine.
1204 1355 1271 1419 fab.

93 1459 166 1543 895,
180 1459 230 1524 ΠΙ
243 1483 274 1544 p.
289 1457 427 1544 235K.):
451 1458 553 1542 ἔγωγ’
576 1457 750 1540 ἐπίσταμαι
774 1459 872 1542 ῥινᾶν
896 1457 950 1546 (cf.
964 1460 1002 1524 fr.
1017 1458 1106 1546 937).

180 1625 208 1666 v.
225 1601 281 1666 78:
304 1603 364 1666 τὸν
386 1612 484 1681 τῖμον

94 1708 133 1773 cf.
151 1706 300 1772 Eustath.
316 1707 390 1792 563,
409 1707 453 1770 24
476 1710 509 1770 et
531 1706 666 1778 Philam.
685 1706 760 1771 Lex.
782 1705 858 1771 105:
886 1708 963 1790 τιμὴ
986 1717 1088 1790 τῖμος,
1113 1707 1157 1783 ὡς
1179 1708 1272 1792 παρὰ

93 1823 132 1900 τῇ
159 1815 314 1902 κωμῳδία
341 1815 378 1877 τὸ
405 1815 527 1896 τίμημα
556 1810 1122 1900 (fr.adesp.1164,1Hp.599K.):
1150 1834 1273 1877 memo-

93 1919 193 1984 rabile
218 1923 266 1984 est
288 1919 385 2003 paulo
410 1941 507 2002 supra
520 1942 549 1983 v.
564 1917 606 1982 68
622 1918 722 1982 altera
744 1918 849 1982 forma
867 1917 1031 1983 Herodem
1054 1920 1111 1983 uti.

181 2049 210 2090 v.
226 2025 333 2109 80sq.:
886 2029 1010 2107 χαλκοῦ

330 2128 438 2214 ῥίνημ’
462 2127 480 2192 ὃ
504 2130 546 2212 δή
568 2127 637 2193 κοτ’
665 2127 734 2194 ἐστί
756 2138 814 2212 τῆς
831 2127 1006 2213 Ἀθηναίης

329 2233 516 2318 ὠνευμίνης
539 2235 641 2320 αὐτῆς
664 2234 706 2300 ἂν
730 2235 791 2299 οὐκ
814 2234 994 2312 ἀτοοτᾶξαι

1 2391 2 2402 .
94 2343 187 2408 ‘aeris
210 2344 392 2406 ramentum
416 2338 470 2427 (cf.
484 2339 589 2406 Plaut.
604 2340 720 2405 Bacch.
735 2340 813 2406 680:
837 2343 922 2425 patri
942 2363 1036 2406 omne
1060 2341 1142 2426 [scil.
1157 2363 1272 2426 argen-

1 2439 2 2494 Ῑ
93 2449 178 2532 tum]
207 2470 280 2514 eum
308 2451 452 2512 ramento
485 2445 623 2536 reddidi)
652 2451 935 2530 quantumcunque
962 2447 1035 2532 erit,
1066 2447 1211 2512 Minerva
1241 2447 1270 2510 si

1 2545 2 2574 l
94 2559 179 2620 emat
201 2555 281 2640 ipsa,
302 2575 369 2618 non
392 2553 579 2617 delicuerit.'
626 2551 679 2618 Sic
697 2553 881 2618 Buecheler.

185 2659 276 2723 Talia
300 2682 318 2723 a
340 2658 486 2742 propolis
509 2659 628 2723 iactata
651 2681 719 2723 esse
737 2660 895 2724 videntur.
937 2657 1066 2742 Optime
1091 2659 1270 2743 comparari

93 2769 230 2849 possunt
256 2765 382 2829 lenonis
398 2765 507 2844 ¹verbe
529 2763 633 2828 Plaut.
652 2764 735 2828 Rud.
756 2765 829 2849 727,
854 2765 973 2849 quippe
1001 2766 1058 2848 qui
1085 2765 1124 2830 de
1151 2765 1272 2849 puellis

94 2873 160 2936 suis
183 2876 336 2954 tanquam
360 2871 399 2934 de
422 2870 581 2936 mercibus
606 2871 703 2936 dicat:

139 2976 174 3040 Si
202 2982 309 3040 autem
328 2975 448 3041 Veneri
476 2977 739 3060 conplacuerunt,
770 2977 890 3042 habeat
916 2978 945 3042 si
972 2981 1141 3063 argentum
1170 2976 1272 3042 dabit.

94 3084 133 3146 cf.
153 3083 249 3162 etiam
268 3081 343 3146 Her.
361 3105 391 3146 v.
411 3083 462 3146 91.

183 3223 306 3288 v.101:
330 3226 454 3305 λαβεῖν.

95 3331 181 3412 quod
198 3329 332 3394 verbum
351 3329 437 3413 apud
454 3327 625 3394 Alexidem
648 3330 719 3394 loco
739 3353 836 3414 supra
857 3330 988 3396 laudato
1008 3329 1061 3418 (fr.
1078 3327 1133 3416 16)
1157 3329 1271 3394 codem

93 3439 266 3518 usurpatur
290 3456 397 3499 sensu:
421 3433 505 3498 ὀκτὼ
529 3436 643 3518 λᾶβοις
667 3437 722 3515 aa
747 3434 788 3522 (v.
810 3435 866 3522 10)
890 3440 923 3500 et
946 3433 1071 3520 ὦ’τοίν,
1096 3436 1189 3520 λαβέ;
1213 3438 1271 3519 qui

93 3563 171 3606 usus
194 3541 290 3604 latius
314 3541 474 3624 pertinere
497 3540 632 3604 videtur.

186 3646 370 3729 v.108sqq.
399 3647 499 3729 γύναι
522 3649 559 3710 τό
582 3645 614 3728 μ’
642 3644 756 3712 ἐλάσαι
779 3664 908 3712 σαν...

309 3750 405 3817 ἐόντα
429 3754 565 3818 λίθινον
588 3751 621 3828 ἐς
644 3755 747 3829 θεοὺς
770 3751 962 3836 ἀναπτῆναι.

308 3855 391 3941 ἔχεις
414 3859 477 3944 χᾶρ
501 3858 576 3942 οὐχὶ
599 3859 758 3942 χλᾶοσαν,
780 3859 904 3941 ἡδονᾶς
927 3856 957 3922 δ’
984 3859 1104 3941 ἠθμόν.

308 3958 442 4028 ἆᾶεᾶν
465 3961 590 4040 ἐκεῖνος
613 3964 653 4028 οὐ
677 3965 807 4049 μακρὴν
829 3960 1020 4052 ἀπῴκισται,

310 4069 390 4156 ὁτέῳ
415 4072 457 4134 σὺ
480 4073 588 4152 χείλεα
611 4071 715 4134 νύκτα
737 4067 883 4156 κήμέρην
907 4076 1017 4152 οίχεις.

185 4189 311 4266 Quanta
330 4197 379 4256 est
397 4193 556 4258 festivitas
576 4198 759 4278 quantaque
777 4195 924 4259 hilaritas
939 4194 974 4258 in
990 4215 1135 4258 sermone
1150 4195 1273 4258 sutoris

1 4355 2 4368 ,
95 4297 153 4380 qui
180 4287 244 4362 iam
271 4298 451 4383 decrepitus
479 4319 551 4364 cum
579 4300 767 4365 mulieribus
796 4301 949 4365 amatorie
976 4299 1129 4383 loquitur.
1176 4299 1271 4376 Quod

94 4409 322 4487 argumentum
341 4405 471 4470 comicis
486 4407 591 4489 poetis
611 4428 707 4490 quum
725 4407 823 4471 fuerit
842 4411 969 4492 gratum
984 4410 1079 4489 atque
1094 4410 1274 4490 acceptum,
