2988 5084
94 360 243 416 Mimvfl.
579 403 621 410 -
667 363 710 427 43
755 401 800 408 —

71 569 73 573 ·
95 542 153 624 qui
167 544 279 606 nostra
292 546 396 607 astate
406 563 565 606 summam
575 542 653 604 artis
663 540 831 604 veritatem
844 541 1019 624 postulant,
1033 539 1272 606 concedendurn

94 647 138 712 sit
161 670 181 711 a
203 647 294 712 nullo
317 669 413 732 posse
435 653 574 713 veterem
599 651 729 730 poetam
753 669 790 710 ea
812 668 846 710 re
870 647 1022 730 superari.

183 751 293 836 Atque
320 758 357 818 ut
384 775 487 838 pauca
514 753 552 817 de
581 753 683 836 ipsius
711 751 865 816 Cerdonis
894 774 1030 836 persona
1057 753 1272 837 praemittam,

93 857 195 922 homo
218 862 268 923 est
290 859 399 924 calvus
423 857 477 946 (of.
492 857 619 944 V1,59;
642 855 715 941 VH,
732 855 799 944 71),
822 857 932 941 quales
955 859 1020 922 iam
1043 855 1271 942 Aristophanis

94 967 243 1048 aequales
266 967 350 1031 risus
378 965 530 1048 captandi
553 965 658 1050 gratia
685 964 836 1029 inducere
860 964 1007 1028 solebant
1031 961 1086 1051 (cf.
1104 963 1270 1050 Aristoph.

93 1072 171 1136 nub.
185 1069 275 1158 540).
322 1070 460 1135 Cerdoni
482 1075 591 1136 autem
613 1092 733 1136 nomen
761 1071 863 1134 sutori
891 1075 987 1154 poeta
1010 1071 1178 1155 imposuit,
1206 1093 1271 1154 quo

94 1199 169 1241 eum
191 1178 274 1243 lucri
293 1178 490 1262 significaret
513 1180 711 1261 captatorem
731 1175 785 1262 (cf.
800 1200 829 1241 v.
845 1174 912 1262 74).
920 1175 944 1263 ¹)
977 1175 1063 1241 Nam
1082 1178 1121 1242 ab
1144 1177 1272 1242 Heroda

94 1305 339 1367 nonnumquam
363 1285 447 1349 sicut
465 1305 484 1346 a
503 1284 635 1348 comicis
658 1282 742 1348 hanc
766 1283 929 1347 observari
947 1282 1062 1368 legem,
1084 1288 1121 1347 ut
1139 1283 1271 1347 nomina

93 1411 303 1472 personarum
344 1389 505 1454 illuminet
546 1390 670 1454 ratione
712 1390 928 1474 etymologica
974 1386 1027 1475 (ef.
1055 1389 1172 1454 Donat.
1200 1389 1270 1454 Ter.

93 1493 232 1579 Adelph.
246 1494 319 1582 26),
351 1495 438 1559 haud
468 1496 580 1580 paucis
609 1496 818 1560 confirmatur
850 1493 1047 1582 exemplis.²)
1103 1496 1143 1561 cf.
1166 1495 1270 1561 Plaut.

93 1600 180 1666 Pers.
200 1602 279 1685 624,
310 1601 367 1666 ubi
400 1623 473 1666 cum
505 1602 638 1686 parasiti
675 1602 743 1666 filia
773 1601 906 1666 Lucridi
947 1601 1010 1665 sibi
1046 1623 1166 1666 nomen
1202 1624 1271 1667 esse

94 1705 220 1791 dixerit,
242 1709 316 1774 leno
339 1707 458 1792 pergit:

184 1812 220 1877 Si
242 1817 275 1877 te
298 1836 412 1896 ernam,
435 1813 517 1877 mihi
541 1835 669 1898 quoque
692 1813 863 1878 Lucridem
887 1814 1014 1878 confido
1038 1813 1107 1878 fore
1130 1818 1171 1878 te.

184 1920 334 1995 Σαυτεύς
366 1919 510 1983 fabulam
537 1919 686 1984 Eubulus
714 1941 842 2002 quoque
871 1921 1012 2004 scripsit,
1044 1925 1142 2003 atque
1168 1943 1270 1984 unum

35 2106 38 2112 Ι
92 2025 181 2107 quod
212 2023 308 2089 huius
340 2026 469 2089 fabulae
506 2029 610 2088 exstat
642 2026 835 2095 vocabulum
871 2037 1016 2109 κοχῶναι
1048 2025 1086 2089 fr.
1101 2024 1204 2110 9711,
1235 2027 1271 2090 in

92 2129 241 2194 Herodae
274 2151 402 2214 quoque
430 2131 571 2195 carmine
600 2131 738 2196 occurrit
765 2153 793 2196 v.
813 2131 870 2216 48;
903 2132 941 2196 de
974 2154 1037 2215 qua
1069 2131 1183 2195 Hensii
1216 2132 1270 2196 ob-

93 2237 274 2300 servatione
300 2237 365 2301 iam
393 2258 491 2320 supra
517 2259 548 2320 p.
568 2237 610 2300 22
638 2237 831 2301 monuimus.
888 2235 951 2301 Sed
978 2259 1207 2321 saepenumero
1235 2239 1271 2302 in

91 2341 281 2426 fragmentis
312 2343 436 2407 mediae
472 2343 655 2407 comoediae
687 2344 809 2407 mentio
841 2343 973 2408 inicitur
1003 2344 1270 2428 tabernariorum,

92 2447 291 2531 institorum,
315 2469 511 2533 cauponum,
538 2450 675 2513 aliorum
698 2448 794 2513 huius
818 2451 944 2535 generis
966 2449 1149 2534 hominum,
1172 2454 1269 2534 atque

91 2551 138 2616 ita
161 2554 300 2636 quidem,
322 2558 360 2618 ut
382 2555 572 2638 plerumque
595 2577 662 2618 non
678 2556 742 2638 ipsi
760 2556 962 2638 inducantur,
981 2556 1036 2619 sed
1054 2578 1111 2639 per
1129 2557 1210 2620 alios
1230 2557 1268 2620 de

91 2659 131 2722 iis
150 2663 310 2742 narretur3
334 2660 390 2723 sed
408 2664 466 2743 est,
484 2660 541 2724 ubi
563 2661 652 2744 ipsos
670 2663 841 2744 loquentes
860 2683 1024 2746 agnoscas,
1047 2666 1085 2726 ut
1098 2661 1133 2726 in
1146 2662 1269 2727 Eubuli

90 2764 272 2849 fragmento
296 2765 349 2849 99,
366 2765 399 2830 H
413 2788 443 2849 p.
465 2765 527 2830 198
547 2765 599 2830 K:

226 2872 412 2955 στεφάνους
437 2877 514 2948 ἴσως
536 2874 711 2954 βούλεσθε.
748 2862 859 2959 ιτότερ’
887 2871 1108 2959 ἑρπυλλίνους

228 2975 248 3060 ἣ
271 2980 453 3062 μυρτίνους
476 2977 497 3061 ἢ
519 2989 587 3044 τῶν
610 2979 858 3066 διηνθημέυων,

179 3087 217 3147 Β.
240 3094 307 3148 τῶν
329 3086 500 3167 μυρτίνων
522 3087 717 3168 βουλόμεθα
738 3087 889 3150 τουτωνί.
935 3089 978 3150 σὺ
1002 3087 1039 3152 δὲ

228 3189 269 3252 τά
291 3187 322 3272 μ’
350 3190 433 3254 ἄλλα
455 3190 557 3254 πώλει
580 3190 687 3254 πάντα
709 3192 797 3275 πλὴν
818 3202 886 3256 τῶν
908 3194 1086 3277 μυρτίνων.

180 3291 278 3377 Apud
300 3292 523 3360 Nicostratum
546 3295 584 3360 fr.
603 3296 657 3379 33,
675 3295 707 3360 H
725 3319 755 3381 p.
770 3297 836 3362 228
851 3297 903 3362 K.:

227 3399 371 3482 ἁλύσεις,
393 3407 590 3485 καδετῆρας,
614 3402 823 3486 δακτυλίους,
846 3402 1013 3487 βουβάλί,
1037 3405 1142 3488 ὄφεις,

224 3507 465 3591 περισκελίδας,
489 3504 667 3592 ἑλλέβορον
689 3508 906 3572 tabernarium
925 3509 1006 3573 mihi
1025 3511 1134 3574 audire
1155 3511 1267 3576 videor

88 3614 127 3675 ut
142 3608 320 3676 Cerdonem
338 3633 459 3676 meroes
478 3616 693 3699 enarrantem3
717 3615 773 3679 sed
795 3615 878 3678 alius
902 3636 1030 3699 quoque
1057 3616 1165 3682 nescio
1194 3618 1266 3700 quis

89 3715 259 3781 muliebria
279 3723 466 3783 ornamenta
480 3741 656 3784 memorare
675 3724 810 3804 poterat.
843 3724 1024 3804 λυροποιός
1043 3727 1129 3788 certe
1143 3724 1178 3787 in
1192 3745 1267 3809 cog-

88 3821 215 3887 nomini
238 3821 394 3888 Anaxilae
417 3825 527 3888 fabula
548 3825 629 3890 haec
652 3825 742 3891 dicit:

295 3928 359 4013 ἐγὼ
384 3931 421 3995 δὲ
443 3933 632 4015 βαρβίτους,
655 3933 863 4017 τριχόρδους,
886 3933 1056 4018 πηκτίδας,

293 4036 446 4121 κιθάρας,
470 4037 583 4122 λύρας,
606 4039 792 4116 σκινδαψὸν
815 4036 1028 4123 ἐξηρτυόμαν.

179 4194 205 4261 1)
223 4190 297 4245 Vide
306 4191 506 4248 Friedlaender
520 4194 557 4248 ad
570 4194 692 4248 Iuvenal.
707 4200 733 4262 4,
749 4200 799 4248 153
815 4211 879 4249 cum
888 4195 1053 4250 Buecheleri
1072 4197 1264 4252 adnotatione.

178 4283 206 4350 λ)
225 4280 259 4334 cf.
288 4280 466 4350 proverbium
493 4283 671 4337 notissimum
699 4283 877 4353 (Diogenian.
892 4282 976 4338 Vind.
993 4290 1021 4352 3,
1036 4290 1065 4353 4,
1085 4285 1111 4338 Π
1128 4303 1155 4354 p.
1171 4285 1264 4356 3612.):

86 4365 206 4436 Κίρδυν
229 4378 318 4438 γαμεῖ.
355 4369 434 4438 παρὰ
456 4370 487 4424 τδ
512 4368 601 4440 ὄνομα
624 4371 733 4442 είρηται
756 4372 802 4427 ἐπὶ
825 4381 880 4428 τῶν
904 4373 953 4428 διὰ
972 4372 1072 4442 κέρδος
1089 4373 1265 4444 αἱρουμένων

85 4456 137 4511 τὸν
155 4455 254 4526 γάμον.
292 4457 405 4512 Crusius
424 4459 529 4514 Ualero.
544 4477 572 4528 p.
586 4458 647 4513 120.
