2988 5084
169 287 317 354 Mimvu
333 293 393 355 ιιι,
409 293 467 341 123.
655 327 699 336 .-
744 289 787 354 48
833 327 877 335 -

171 468 245 551 quis
268 471 317 532 est
345 467 402 550 qui
428 466 572 530 nesciat?
618 465 663 528 Hi
687 467 818 529 omnino
846 465 1019 530 ridiculum
1043 469 1223 529 amatorum
1247 486 1348 551 genus
1437 511 1439 516 -

171 573 355 658 gaudebant
379 572 569 655 describere,
596 575 633 635 ut
652 571 812 636 similibus
836 571 997 636 coloribus
1021 592 1058 635 ao
1082 593 1194 635 senum
1222 593 1348 636 amores

171 680 373 744 servulorum
401 677 617 761 explicabant:
654 676 806 742 Pseudoli
837 678 1021 741 memineris
1049 678 1133 742 dona
1163 677 1284 742 Baoohi
1316 681 1349 742 et

172 784 310 850 Veneris
334 785 380 850 ita
401 783 564 849 laudantis
587 782 692 848 Plaut.
707 781 884 870 (Meuand.)
899 783 1013 848 Pseud.
1031 782 1129 848 1257:
1157 840 1162 882 ·.

168 937 192 984 ,·
218 908 281 972 Hie
305 929 415 972 omnes
438 907 632 991 voluptates,
655 907 689 971 in
712 907 774 972 hoo
798 929 909 972 omnes
932 911 1116 972 venustates
1141 911 1223 972 suut.

217 1014 296 1078 Deis
319 1035 512 1097 proxumum
535 1035 604 1077 esse
628 1012 773 1078 arbitror.

112 1194 114 1199 ¹
217 1119 303 1184 Nam
326 1120 384 1184 ubi
407 1141 517 1184 amans
545 1119 748 1204 complexust
771 1123 946 1204 amantem,
974 1119 1030 1183 ubi
1057 1118 1148 1183 labra
1170 1117 1210 1182 ad
1232 1117 1350 1186 labella
1453 1105 1454 1110 ἵ

1028 1225 1185 1310 adiungit,

218 1331 285 1398 Ubi
299 1331 380 1396 alter
394 1330 531 1396 alterum
545 1331 683 1418 bilingui
698 1332 869 1396 manifesto
884 1332 969 1395 inter
987 1353 1021 1396 se
1039 1331 1242 1415 prehendunt
1255 1352 1281 1394 e.
1289 1353 1319 1415 q.
1326 1351 1350 1395 s.

263 1453 442 1541 Imaginem
471 1456 510 1520 ab
533 1454 664 1520 Herode
685 1479 715 1520 v.
732 1455 795 1519 109
819 1456 854 1519 in
880 1453 1053 1518 ridiculum
1083 1455 1241 1520 detortam
1264 1451 1351 1518 Ana-

171 1583 272 1627 creon
285 1561 409 1626 invenit
423 1559 640 1647 (ἀναπέτομαι
654 1562 695 1644 δὴ
710 1562 792 1646 πρὸς
805 1559 978 1645 Ὄλυμπον
996 1562 1194 1645 πτερύγεσσι
1207 1561 1352 1645 κούφαις

175 1670 232 1733 διὰ
259 1669 318 1733 τὸν
337 1663 502 1754 ”Ιι”ροιτοι);Δ
528 1689 625 1750 quam
651 1689 718 1732 non
750 1667 846 1731 modo
874 1668 990 1752 tragici
1022 1665 1076 1754 (of.
1092 1665 1190 1750 Soph.
1204 1665 1255 1730 Ai.
1275 1665 1351 1730 693.

174 1771 308 1839 Orusius
333 1774 450 1840 Uators
472 1797 503 1856 p.
527 1770 620 1860 145),
656 1774 711 1838 sed
744 1775 841 1838 etiam
874 1774 989 1838 comici
1021 1773 1223 1856 exeipiebaut
1254 1776 1351 1856 atque

172 1880 287 1945 multis
311 1880 415 1944 modis
437 1879 613 1944 variabant.
660 1880 699 1944 of.
714 1877 841 1944 Anaxil.
855 1879 892 1943 fr.
907 1879 960 1963 22,
974 1880 1027 1962 29,
1040 1877 1073 1942 Π
1087 1902 1117 1963 p.
1132 1877 1256 1942 2701st

288 2005 320 2068 ot
344 2001 373 2067 δ’
401 2001 543 2087 ἐρᾶσθαι
566 2003 818 2087 προσδοκῶντες
841 2002 945 2078 εὐθύς
969 2005 1054 2068 εἰσιν
1077 2001 1225 2088 ἠρμένοι,

286 2105 341 2173 καὶ
365 2107 506 2194 φέρονθ’
533 2108 623 2186 ὑψοῦ
647 2111 731 2193 πρὸς
754 2115 887 2194 αἴθραν.

171 2231 301 2296 Alexid.
316 2231 353 2296 fr.
368 2231 421 2311 20,
435 2230 467 2295 Π
482 2254 511 2315 p.
527 2229 651 2297 305K.:

691 2359 736 2440 μὴ
759 2355 918 2450 πέτεσθαι
941 2358 1001 2422 τὸν
1023 2356 1108 2422 θεὸν

353 2461 412 2526 τὸν
424 2459 565 2546 Ἔρωτα,
588 2464 668 2538 τοὺς
692 2461 724 2525 δ’
752 2461 905 2548 ἐρῶντας.

174 2583 240 2650 Dei
264 2605 332 2648 osse
355 2584 419 2671 sibi
442 2585 592 2650 videntur
614 2585 647 2669 ii,
676 2585 730 2669 qui
754 2587 896 2670 puellam
918 2590 1040 2670 amant3
1068 2586 1108 2650 of.
1128 2607 1225 2669 supra
1239 2584 1353 2650 ‚Plaut

173 2689 291 2755 Pseud.
306 2690 400 2756 1258.
425 2689 550 2756 Cureul.
562 2691 635 2755 167.
647 2689 672 2777 ¹)
695 2691 734 2756 In
743 2693 908 2756 blanditiis
923 2692 1040 2757 sutoris
1054 2691 1133 2756 liaeo
1147 2713 1275 2776 quoque
1290 2696 1354 2756 est:

266 2837 294 2878 v.
312 2814 391 2878 115:
414 2815 453 2878 τὰ
475 2816 560 2878 καλὰ
583 2813 690 2878 πάντα
712 2823 770 2899 τῇς
792 2819 933 2900 καλῇσιν
956 2815 1097 2900 ἁρμόζει.
1123 2905 1124 2912 ¹

172 2938 217 3002 of.
232 2937 337 3002 Plaut.
351 2937 446 3002 Most.
463 2938 542 3002 172:

222 3061 322 3126 Phil.:
346 3060 433 3137 Quin
454 3083 506 3125 me
529 3062 636 3144 aspice
660 3064 692 3126 et
715 3061 907 3146 contempla,
930 3065 967 3126 ut
990 3063 1069 3127 haec
1091 3085 1142 3126 me
1166 3063 1306 3127 deceant.

223 3165 362 3250 Scapha:
380 3165 509 3232 Virtute
523 3167 646 3232 formae
661 3167 694 3230 id
708 3168 823 3252 evenit,
837 3172 868 3231 te
882 3173 919 3232 ut
934 3170 1043 3233 deceat
1057 3167 1211 3252 quioquid
1223 3168 1351 3234 habeas.

267 3289 414 3373 Denique
429 3290 467 3354 de
482 3313 511 3354 v.
528 3290 592 3356 123
606 3290 753 3354 videatur
766 3289 869 3377 adu.²)

268 3484 294 3550 1)
314 3481 349 3534 of.
369 3481 512 3550 exemplar
530 3481 673 3552 Sapphus:
693 3478 826 3550 φαίνεταί
845 3501 892 3550 μοι
910 3489 997 3550 τῆνος
1016 3482 1075 3547 ἴσος
1092 3483 1204 3538 θέοιοιν
1219 3505 1244 3539 κ.
1259 3504 1281 3538 τ.
1297 3487 1318 3538 t.

268 3572 295 3638 2)
314 3587 338 3622 v,
355 3576 418 3624 123:
438 3569 456 3639 ἡ
475 3570 557 3639 μέζον
577 3568 664 3624 innon
682 3571 754 3639 πρὸς
771 3571 866 3639 θύρην
885 3567 1051 3641 κιχλίζουσοι.
1090 3572 1123 3625 of.
1144 3573 1288 3627 Eustathii
1306 3589 1352 3626 ex·

176 3657 360 3727 plicationem
379 3659 415 3712 ad
435 3657 534 3728 Odyss.
549 3657 603 3712 Y8
618 3660 707 3727 (1880,
727 3661 784 3729 60):
803 3656 865 3714 Ἔτι
884 3658 976 3714 ἰστέον
999 3661 1047 3714 κού
1067 3657 1108 3713 ὅτι
1122 3661 1172 3715 τὸν
1190 3670 1353 3730 γυναικεῖον

178 3745 265 3815 μέλων
293 3747 436 3817 κιχλισμὸν
464 3745 583 3801 ἐκάλουν
606 3745 633 3800 οἱ
660 3745 790 3815 παλαιοί,
818 3745 916 3810 ὁκοῖός
943 3767 985 3811 τις
1012 3748 1060 3802 καὶ
1088 3748 1152 3816 ύρτι
1175 3748 1190 3803 ὁ
1214 3747 1351 3813 ὃονλικύς.

174 3833 251 3888 Sunt
265 3835 314 3902 qui
328 3837 476 3905 κιχλισμῶν
491 3835 644 3905 (Aristoph.
659 3837 724 3890 nub.
742 3840 821 3906 1073)
835 3836 871 3892 de
885 3836 943 3890 risu
957 3836 1087 3908 intellegi
1100 3838 1197 3905 velint,
1216 3837 1250 3891 of.
1266 3838 1352 3892 sohel.

565 4095 964 4126 ψ
