2988 5084
93 323 463 392 Mim.V1,1a,1e,41‚54.
576 361 621 370 ..
665 323 707 388 41
754 361 798 370 ..

187 526 215 566 v.
232 502 287 566 13:
310 502 400 586 κήγὼ
425 498 651 585 ἐπιβρύχουσω
670 551 721 564 ...
740 501 833 564 κύων
855 498 1034 586 dicandam)

97 626 137 691 cf.
153 625 257 690 Plaut.
272 625 338 690 mil.
354 627 397 710 gl.
413 625 488 707 681,
510 624 567 688 ubi
582 625 706 689 caelebs
720 623 1002 706 Peripleeomenus
1017 625 1096 688 haec
1114 625 1274 708 loquitur:

212 730 268 796 Set
289 730 366 796 nolo
390 731 435 795 mi
459 729 754 794 oblatratricem
777 731 812 793 in
835 730 921 794 aedis
945 730 1168 794 intromittere.

185 880 214 920 v,
233 848 288 920 16:
379 855 567 939 νώβυστρω,
591 849 657 918 ὦτα
680 863 808 935 μοῦνον
830 854 885 918 καὶ
908 859 1059 937 aridaeus,

309 962 349 1025 τὰ
372 958 403 1024 δ’
431 958 502 1024 ἄλλ’
531 957 635 1044 ἑορτή.
1267 1029 1271 1037 Ι

97 1085 136 1150 cf.
151 1085 263 1168 Eurip.
278 1082 369 1148 Alex.
384 1084 422 1148 fr.
437 1082 494 1148 50:
526 1083 613 1148 οὕτω
642 1084 704 1168 γὰρ
728 1084 831 1148 κακὸν
855 1085 988 1148 δούλων
1020 1081 1116 1166 γένος
1147 1084 1273 1168 γαστὴρ

97 1193 225 1256 ἅπαντα
239 1189 295 1255 κτὲ
317 1190 356 1256 cf.
370 1190 455 1254 Plut.
470 1189 551 1253 Mor.
566 1188 650 1254 5411:
674 1192 797 1275 γαστὴρ
823 1189 903 1255 ὅλον
925 1190 962 1254 τὸ
987 1199 1093 1272 σῶμα,
1121 1196 1274 1274 πανταχῇ

95 1296 229 1379 βλέπων
252 1297 448 1380 ὀφθαλμός.
464 1346 470 1358 .
486 1347 492 1359 .

186 1403 276 1467 Talia
295 1403 421 1485 saepius
439 1402 525 1465 hand
545 1401 640 1466 dubie
655 1401 770 1466 comici
785 1402 987 1484 effinxerunt,
1011 1402 1067 1466 sed
1080 1423 1147 1465 non
1159 1399 1275 1486 habeo,

97 1531 178 1592 quae
202 1508 350 1574 Herodae
372 1509 445 1573 loce
469 1509 649 1573 accuratius
667 1508 890 1591 respondeant.
929 1505 1009 1571 Oum
1029 1509 1186 1572 sententia
1201 1529 1275 1572 ecn-

95 1616 173 1678 ferri
188 1618 295 1698 potest
310 1613 436 1678 Terent.
452 1611 627 1700 (Menand.)
647 1612 746 1678 Andr.
767 1613 846 1678 336:

161 1737 204 1802 At
226 1743 263 1802 tu
287 1735 410 1824 (servus
434 1735 629 1824 appellatur)
653 1739 760 1802 hercle
782 1737 870 1800 haud
894 1737 1069 1820 quicquam
1093 1737 1185 1820 mihi,

163 1843 236 1909 Nisi
260 1867 297 1908 ea
320 1865 402 1927 quae
425 1845 473 1908 nil
497 1865 578 1928 opus
602 1847 677 1908 sunt
701 1844 784 1908 sciri.
830 1843 924 1928 fugin
946 1843 1044 1908 hinc?

186 1991 214 2032 v.
229 1967 286 2032 41:
376 1970 437 2051 τήν
460 1991 521 2048 μευ
545 1972 701 2050 γλῶσσαν
725 1966 872 2049 ἐκτεμεῖν
897 1969 1011 2031 δεῖται.

27 2175 31 2186 Ι
97 2091 136 2156 cf.
150 2091 254 2155 Plaut.
268 2089 430 2174 Amphitr.
446 2090 525 2154 556:

420 2198 485 2260 iam
509 2196 638 2279 quidem
661 2196 769 2260 hercle
793 2217 853 2280 ego
877 2195 939 2260 tibi
962 2195 1060 2260 istam

98 2319 101 2324 ·
228 2377 229 2380 ¹
257 2303 433 2386 scelestam,
457 2304 569 2386 scelus,
591 2303 737 2387 linguam
757 2302 929 2366 abscidam.

96 2427 162 2490 mil.
178 2428 257 2511 glor.
272 2427 350 2491 318:
378 2424 455 2491 Non
481 2431 518 2491 tu
546 2427 608 2490 tibi
635 2427 731 2490 istam
759 2426 981 2509 praetruncari
1010 2426 1156 2510 linguam
1178 2423 1277 2510 largi·

96 2532 227 2614 loquam
251 2533 351 2618 iubes,
375 2533 414 2597 cf.
433 2531 542 2596 Aulul.
564 2533 636 2596 189.

185 2679 214 2720 v.
229 2656 286 2719 42:
310 2653 417 2720 ἐκεῖνο
442 2654 472 2720 d'
500 2650 541 2720 οὗ
565 2671 619 2720 σοι
642 2653 698 2720 καὶ
722 2653 851 2736 μάλιστ’
878 2653 1093 2738 ἐπεμνήσθην

99 2777 154 2866 (cf.
173 2779 213 2863 V,
228 2777 294 2866 53.)

97 2885 264 2970 Aristoph.
284 2909 332 2950 av.
354 2886 454 2950 1632:

258 3011 311 3074 καὶ
335 3011 376 3092 νὴ
399 3012 448 3073 Δί
470 3009 583 3093 ἔτερόν
606 3008 643 3091 γ’
666 3007 757 3073 ἐστὶν
781 3003 821 3073 οὗ
853 3007 1018 3092 'pudenter
1041 3005 1119 3092 &7033

98 3155 214 3218 nempe
238 3133 450 3198 cottidianum
474 3137 609 3216 uterque
633 3154 813 3196 samonem
837 3135 886 3196 est
909 3132 1064 3195 imitatus.

188 3281 217 3320 v.
232 3255 288 3321 54:
312 3253 355 3340 ἦν
377 3255 438 3338 μέν
461 3255 544 3340 κοτ’,
568 3252 610 3340 ἦν
633 3281 693 3341 τις,
717 3256 800 3321 ἀλλὰ
822 3265 888 3320 νῦν
911 3258 1080 3340 γεγήρακε.

99 3381 192 3445 Tales
217 3381 394 3444 sententiae
413 3381 634 3445 meretricibus
657 3381 797 3444 maxime
817 3380 1021 3463 conveniunt,
1045 3400 1124 3462 quas
1144 3399 1217 3443 cum
1237 3379 1278 3442 ad

101 3491 269 3570 quaestum
301 3485 482 3552 faciendum
515 3486 682 3550 iuventute
714 3485 755 3548 iis
789 3507 869 3568 opus
902 3486 944 3549 sit
973 3490 1005 3548 et
1036 3485 1153 3567 forma,
1184 3485 1278 3548 valde

101 3593 273 3658 senectutis
296 3593 410 3656 taedet.
447 3591 534 3656 Hinc
561 3591 623 3656 ista
645 3592 816 3656 verborum
835 3613 893 3674 per
915 3591 1111 3674 anaphoram
1135 3591 1278 3676 gravitas

101 3694 143 3780 ἦν
157 3698 218 3780 μέν
231 3697 315 3781 κοτ’,
338 3693 381 3782 ἦν
394 3721 444 3775 τις
458 3695 687 3784 explicandai)
726 3695 884 3760 Similiter
896 3696 1074 3762 Bacchides
1093 3697 1278 3762 meretrices

192 3892 218 3959 1)
236 3889 326 3944 Varro
342 3889 377 3943 de
390 3889 409 3942 1.
424 3889 442 3942 l.
457 3889 517 3956 VII,
533 3893 584 3942 103
599 3889 635 3942 M.
660 3889 758 3958 attigit
780 3889 856 3942 hunc
873 3887 969 3940 Plauti
990 3887 1095 3940 locum:
1120 3887 1229 3956 ‘pipulo
1247 3889 1278 3942 te

101 3978 148 4032 hic
172 3977 300 4032 differam
324 3980 390 4032 ante
415 3978 493 4032 aedis
516 3979 561 4046 (=
576 3977 670 4030 Aulul.
685 3981 748 4047 446)
771 3977 802 4030 id
830 3979 873 4030 est
896 3975 1034 4043 convicio,
1063 3975 1236 4029 declinatum
1259 3991 1277 4029 a

101 4067 203 4136 pipatu
225 4067 374 4135 pullorum.
426 4067 518 4120 Multa
550 4066 586 4120 ab
614 4065 780 4120 animalium
807 4065 924 4120 vocibus
951 4063 1056 4118 madata
1083 4063 1113 4116 in
1139 4063 1278 4132 homines,

101 4156 206 4224 partim
220 4171 293 4222 quae
307 4156 373 4207 sunt
387 4157 494 4223 aperta,
512 4155 618 4224 partim
632 4155 769 4208 obscura!
798 4153 928 4223 Exempli
942 4153 1035 4223 gratia
1049 4153 1130 4206 addit
1149 4152 1276 4206 ‘latrare'

102 4242 147 4311 (cf.
162 4243 239 4298 κύων
257 4240 399 4312 isauria),
419 4243 454 4297 cf.
469 4243 533 4298 Her.
548 4243 608 4311 VII,
624 4249 683 4296 123.

191 4335 218 4401 2)
237 4331 271 4385 cf.
286 4331 320 4384 fr.
336 4332 431 4400 adesp.
447 4331 601 4400 276‚111p.
616 4331 720 4386 458K:
740 4331 815 4401 ἥμην
833 4328 910 4398 ποτ’,
929 4330 1002 4400 ἥμην
1020 4339 1076 4384 τῶν
1094 4330 1278 4399 reportatae

104 4419 134 4474 ἐν
154 4417 253 4488 λόγοις,
273 4421 311 4474 ad
328 4440 371 4484 τις
389 4420 520 4475 Menand.
534 4420 568 4473 fr.
585 4425 648 4475 156:
668 4421 699 4474 τὸ
719 4422 815 4475 δοκεῖν
834 4417 889 4474 τιν’
910 4415 991 4475 εἶναι.
