2988 5084
66 358 151 411 Mim.
162 357 195 410 H.
558 396 602 404 -
647 358 688 421 21
737 395 779 402 -

68 536 291 618 omnibusque
315 536 429 617 inviso,
453 556 649 616 quamquam
668 536 736 617 ipse
755 533 926 616 accusavit,
950 538 1058 597 tamen
1075 556 1141 597 non
1160 535 1253 598 aliter

70 643 237 727 agendum
262 663 332 727 esse
355 640 536 705 ostenderet
559 661 596 704 ao
618 662 673 704 reo
698 640 901 704 clementiam
924 639 1039 703 iudicis
1063 641 1212 724 captanti.

167 747 369 830 Quamquam
402 751 509 810 autem
547 749 578 809 et
610 747 681 828 ipsa
718 746 784 809 vita
821 750 853 809 et
889 766 940 809 ars
980 745 1138 810 rhetorica
1175 747 1254 810 talia

70 856 223 938 exempla
256 853 496 936 suppeditabat,
528 857 638 916 tamon
670 851 888 934 quaerendum
921 855 982 934 est,
1014 873 1071 917 our
1103 851 1252 916 lenonem

69 961 281 1042 potissimum
311 981 439 1024 causam
469 961 682 1041 exponentem
711 958 882 1021 induxerit.
932 956 981 1022 Ac
1011 957 1091 1021 mihi
1122 958 1252 1041 quidem
1365 1015 1383 1034 ,

70 1067 203 1129 videtur
226 1087 265 1128 ex
289 1065 472 1129 comoediae
490 1063 619 1128 Atticae
638 1064 755 1127 notitia
773 1063 860 1126 illius
880 1065 1062 1148 argumenti
1085 1067 1161 1127 nata
1185 1085 1254 1127 esse

71 1172 229 1236 inventio
283 1169 384 1254 Saepe
417 1170 502 1234 enim
534 1171 569 1233 in
603 1169 778 1234 comoediis
808 1168 979 1232 lenonibus
1011 1191 1062 1233 res
1094 1173 1143 1232 est
1180 1191 1254 1233 cum

71 1277 249 1360 iudicibus,
273 1296 468 1360 quamquam
495 1275 536 1340 lis
565 1277 643 1359 ipsa,
671 1278 828 1358 quantum
855 1275 936 1358 scio,
969 1297 1128 1358 nusquam
1158 1297 1255 1358 expo-

71 1385 174 1447 nitur.
220 1381 258 1446 In
278 1380 435 1465 Adelphis
459 1383 544 1446 enim
569 1381 699 1446 Terenti
722 1383 755 1444 in
779 1403 816 1444 ea
839 1385 940 1464 parte,
965 1403 1060 1464 quarn
1085 1403 1102 1444 e
1125 1380 1253 1464 Diphili

71 1490 186 1554 fabula
218 1511 299 1572 quae
336 1488 523 1553 inscribitur
554 1484 901 1572 Συναποθνῄσκοντες
933 1487 1089 1570 ‘sumpsit
1125 1487 1187 1550 sibi
1220 1487 1255 1550 in

73 1595 255 1679 Adelphos,
283 1594 418 1658 verbum
447 1594 485 1657 de
508 1594 606 1658 verbo
630 1615 815 1676 expressum
844 1590 1019 1678 extulit1)',
1046 1595 1120 1656 leno
1144 1593 1255 1676 prodit

74 1702 124 1764 ira
147 1703 295 1764 incensus
315 1700 356 1764 ob
375 1700 526 1764 iniuriam
550 1701 589 1764 ab
609 1699 771 1764 Aeschino
795 1700 998 1764 adulescente
1017 1699 1079 1762 sibi
1097 1697 1254 1784 1111111111)

74 1813 108 1871 et
131 1809 274 1871 minatur
297 1807 387 1870 illum
414 1827 483 1870 sese
506 1807 541 1870 in
563 1806 718 1871 iudicium
741 1829 810 1870 esse
833 1810 1023 1870 vocaturum
1047 1803 1200 1892 (v.162):
1300 1828 1305 1838 ·

121 1911 170 1975 Tu
194 1913 281 1995 quod
305 1917 336 1977 te
359 1914 519 1997 posterius
543 1934 671 1998 purges,
693 1913 777 1976 hano
800 1913 951 1976 iniuriam
974 1912 1055 1976 mihi
1077 1912 1164 1976 nolle

120 2017 253 2082 Factam
277 2040 356 2102 esse,
378 2019 475 2082 huius
498 2040 564 2082 non
586 2019 711 2102 faciam,
740 2019 831 2082 crede
854 2018 926 2100 hoo,
956 2039 1025 2102 ego
1049 2041 1170 2082 meum
1194 2019 1254 2082 ius

877 2145 1101 2208 persequar,

120 2229 234 2314 Neque
257 2234 294 2294 tu
317 2231 423 2294 verbis
447 2233 551 2294 solves
574 2253 738 2314 umquam,
761 2229 848 2314 quod
871 2230 952 2295 mihi
975 2253 1009 2293 re
1028 2232 1111 2294 male
1130 2232 1252 2295 seceris.

120 2335 207 2401 Novi
230 2358 290 2421 ego
313 2340 423 2400 vostra
446 2338 525 2400 haec
549 2337 685 2402 ‘nollem
708 2339 844 2402 factum:
868 2337 996 2401 dabitur
1014 2338 1064 2400 ins
1083 2338 1253 2401 iurandum

877 2443 1047 2529 indignum

120 2549 165 2612 Te
198 2571 265 2612 esse
298 2550 416 2612 iniuria
444 2549 519 2613 hao’
553 2550 694 2634 indignis
724 2571 822 2633 quom
852 2553 980 2634 egomet
1009 2549 1069 2614 sim
1103 2553 1253 2632 acceptus

876 2656 989 2718 modis.

165 2758 203 2823 In
227 2761 336 2824 Plauti
359 2760 507 2825 Rudente
530 2783 580 2825 res
604 2761 644 2824 ad
667 2761 805 2826 iudicem
834 2761 987 2844 defertur,
1015 2759 1122 2844 leno³)
1146 2763 1181 2825 in
1203 2762 1253 2824 ius

76 2864 243 2953 rapitur4),
266 2889 325 2930 nec
343 2872 452 2932 tamon
470 2869 510 2931 lis
531 2868 722 2932 describitur
740 2869 818 2950 ipsa,
842 2869 898 2931 sed
916 2887 1011 2932 causa
1031 2867 1159 2932 demum
1184 2890 1253 2950 per·

78 2976 167 3036 orata
199 2973 282 3036 redit
314 2973 369 3037 ille
399 2975 434 3038 in
466 2995 613 3038 scaenam
641 2975 856 3038 calamitatem
885 2995 975 3038 suam
1004 2975 1174 3057 deplorans
1201 2974 1253 3038 his

79 3077 121 3164 (v.
139 3076 252 3164 11811

169 3183 248 3259 Quis
271 3190 354 3249 mest
377 3186 523 3250 mortalis
547 3185 696 3250 miserior
718 3187 774 3268 qui
797 3185 886 3249 vivat
910 3186 991 3248 alter
1013 3184 1109 3250 hodie

167 3289 268 3366 Quem
292 3290 332 3353 ad
354 3293 587 3374 recuperatoris
610 3292 707 3355 modo
731 3291 895 3354 damnavit
917 3289 1145 3375 Plesidippus?

164 3395 357 3460 Abiudicata
381 3419 399 3460 a
423 3389 473 3460 rire
497 3399 626 3461 modost
648 3398 826 3461 Palaestra:
850 3397 994 3480 perditus
1019 3419 1099 3460 sum.

166 3589 192 3655 1)
211 3585 271 3639 Ter.
286 3587 406 3656 Adelph.
421 3589 490 3656 prol.
508 3593 586 3655 10sq.

167 3678 193 3743 2)
212 3673 286 3728 Nam
304 3675 353 3728 illc
420 3737 423 3744 ⁴

270 3763 338 3817 foris
358 3763 477 3834 ecfregit
495 3767 580 3832 atque
599 3765 629 3817 in
648 3765 726 3818 aedis
746 3765 834 3818 inruit

272 3852 392 3918 alienam
411 3853 504 3920 ipsum
523 3853 668 3906 dominum
688 3856 773 3921 atque
792 3870 902 3907 omnem
921 3853 1060 3906 familiam

271 3939 406 3994 mulcavit
424 3957 513 4008 usque
532 3941 569 3994 ad
587 3943 717 4007 mortem,
737 3942 842 4010 eripuit
859 3941 1006 3994 mulierem

271 4043 356 4094 quarn
375 4029 502 4094 amabat3

79 4114 176 4183 quibus
190 4115 282 4168 verbis
302 4119 498 4184 argumentum
513 4116 696 4170 adumbratur
710 4117 826 4171 alterius
840 4118 997 4172 mimiambi
1015 4119 1093 4173 haud
1111 4119 1249 4173 absimile.

165 4207 191 4272 3)
210 4203 316 4273 Magna
339 4221 412 4271 quae
436 4205 587 4258 intercedit
610 4205 766 4260 similitudo
789 4205 897 4274 lenoni,
921 4207 970 4275 qui
994 4210 1037 4261 est
1054 4209 1084 4261 in
1104 4207 1249 4276 Adelphis,

79 4291 214 4358 camillo,
234 4292 283 4358 qui
303 4293 394 4345 estin
413 4292 551 4361 Rudente,
574 4294 641 4347 inde
659 4295 792 4348 nimirum
811 4295 981 4364 explicatur,
1005 4297 1079 4363 quod
1102 4297 1249 4363 utriusque

79 4395 220 4433 commune
240 4382 301 4433 erat
320 4381 463 4450 exemplar
480 4381 597 4450 Diphili.

163 4471 189 4537 4)
208 4467 300 4522 Aliter
319 4485 352 4522 ac
370 4469 512 4537 Battarus,
531 4471 580 4537 qui
599 4471 660 4539 ipse
680 4471 800 4524 alterum
818 4472 848 4524 in
867 4473 911 4525 ius
930 4473 1046 4526 vocavit.
