2988 5084
67 341 153 394 Mim.
164 340 185 406 I,
205 345 248 408 40,
268 345 351 408 ttsq.
559 379 603 386 -
651 342 691 404 13
738 379 781 386 -

236 520 345 605 ὥσπερ
370 521 433 603 γὰρ
457 521 577 594 ἄκατος
600 519 680 584 οὐδὲ
702 519 822 604 μικρὸν
845 521 996 583 πείθεται
1019 567 1020 570 ¹

237 625 286 714 ἑνὶ
309 627 470 712 πηδαλίῳ,
494 625 530 688 τὸ
554 623 663 708 πεῖσμ’
692 623 903 710 ἀπορρήξασα
926 625 963 689 δὲ

236 731 273 797 ἐκ
296 733 416 807 νυκτὸς
439 731 554 816 ἕτερον
578 730 681 812 λιμέν’
710 729 819 816 ἔχουσ
848 729 1015 816 ἐξευρέθη.
1053 810 1057 815 ¹

70 858 177 942 Lena,
206 880 286 940 quae
311 861 360 920 est
383 857 417 919 in
440 854 549 919 Plauti
573 853 735 938 Asinaria,
760 855 830 939 ipsa
854 877 982 938 quoque
1006 878 1025 918 a
1047 856 1253 940 navigatione

71 965 159 1047 petit
183 963 409 1028 similitudines
433 985 463 1026 v.
480 959 558 1025 157:

119 1069 270 1154 Remigio
293 1070 430 1152 veloque
454 1072 611 1152 quantum
634 1068 756 1150 poteris
779 1067 898 1131 festina
921 1071 953 1130 et
975 1068 1065 1153 fuge:

120 1176 226 1252 Quam
235 1177 339 1260 magis
348 1179 381 1238 te
390 1175 425 1238 in
434 1173 536 1238 altum
547 1174 697 1257 capessis,
706 1178 773 1238 tam
783 1179 890 1238 aestus
904 1178 936 1238 te
946 1174 1120 1258 importum
1135 1175 1256 1244 referit.

166 1298 241 1362 Her.
257 1301 344 1362 mim.
358 1321 387 1362 v.
402 1298 459 1361 40:

692 1405 809 1488 χὶλαρη
834 1405 1017 1487 κατάστηθι

315 1511 430 1596 ἱλαρὸν
452 1508 551 1596 πρ)ὸς
574 1512 677 1574 ἄλλον
685 1508 710 1595 ¹)

76 1638 115 1700 ef.
131 1637 235 1701 Plaut.
251 1635 366 1699 Baeeh.
383 1635 438 1698 81:

75 1761 175 1844 Apud
185 1782 236 1824 me
247 1757 504 1848 (seaeeumbas),
515 1760 560 1822 mi
569 1760 684 1843 anime,
694 1763 730 1822 ut
739 1758 866 1842 lepidus
877 1779 950 1822 eum
960 1758 1067 1842 lepida
1077 1759 1254 1824 accumbat.

167 1885 288 1948 Lenem
310 1885 345 1947 in
362 1885 478 1948 laeuna
502 1906 530 1947 v.
549 1883 592 1946 43
617 1886 754 1946 mortem
773 1903 901 1966 quoque
924 1898 1118 1948 memorasse
1145 1883 1255 1946 verisi-

76 1992 154 2054 mile
177 1995 239 2074 est3
268 1989 370 2072 ἡδέως
398 1993 503 2073 ζήσεις
526 1991 578 2053 vel
606 1989 710 2054 simile
734 1989 813 2072 quid
841 1991 967 2054 eratin
989 2012 1018 2054 v.
1033 1988 1089 2074 643
1117 1990 1255 2064 ἄστατος

78 2100 142 2182 γὰρ
171 2097 294 2180 ἡμείων
327 2094 411 2181 (tort)
435 2119 464 2160 v.
483 2096 540 2179 463
568 2117 632 2178 que
662 2116 735 2159 eum
763 2117 870 2180 versu,
897 2101 934 2175 ut
957 2117 1057 2159 unum
1082 2117 1121 2158 ex
1143 2095 1255 2159 multis

78 2204 209 2268 afferam
233 2202 398 2286 exemplis,
422 2203 460 2265 ef.
476 2201 597 2285 Diphil.
612 2203 650 2268 fr.
667 2199 787 2285 118,ss
805 2225 835 2286 p.
850 2201 962 2270 5761ss

338 2309 556 2392 εὐμετάβολός
579 2306 671 2372 ἐστιν
694 2308 885 2394 ἀνθρώπων
908 2311 988 2390 βίος.

169 2431 322 2497 Seneetus
342 2436 374 2495 et
392 2455 488 2514 mors,
512 2433 678 2515 quierant
700 2432 765 2496 loei
788 2431 878 2516 poesi
902 2453 1033 2516 graecae
1051 2431 1256 2514 frequentati,

81 2540 219 2604 orationi
238 2540 442 2637 meretricum
460 2559 527 2602 non
542 2538 673 2602 deerant
686 2539 721 2602 in
736 2538 920 2602 comoediis.
966 2539 1005 2601 ef.
1020 2537 1125 2602 Plaut.
1139 2536 1255 2604 Bacch.

83 2647 177 2730 1193,
200 2646 257 2709 ubi
281 2646 433 2710 meretrix
457 2667 565 2710 senem
589 2645 636 2708 sic
659 2645 800 2708 allectat:

561 2768 593 2834 N
595 2791 637 2832 on
660 2769 721 2832 tibi
743 2769 833 2832 venit
856 2770 890 2832 in
913 2772 1063 2852 mentem,
1086 2769 1211 2852 amabe,

126 2875 161 2941 Si
185 2877 260 2941 dum
283 2875 372 2940 vivas
396 2876 456 2939 tibi
478 2876 559 2939 bene
582 2877 690 2958 facias,
712 2879 779 2938 tam
803 2877 860 2958 pol
878 2875 911 2938 id
930 2876 1059 2958 quidem
1083 2897 1151 2940 esse
1169 2875 1256 2939 haud

501 3059 504 3064 .
722 2983 1001 3066 perlonginqu0m‚
1057 3023 1060 3027 -

125 3088 238 3172 Neque
267 3089 295 3152 si
321 3090 384 3153 hoe
411 3088 506 3152 hodie
535 3089 692 3173 amiseris,
721 3089 853 3170 pontin
875 3093 979 3152 morte
1006 3088 1040 3152 id
1068 3093 1255 3152 eventurum

722 3216 790 3258 esse
813 3195 988 3278 umquam?

171 3336 313 3400 Tandem
332 3359 361 3400 v.
376 3337 417 3400 47
443 3358 500 3400 eur
523 3337 647 3400 venerit
674 3337 797 3419 aperire
826 3341 931 3419 parat,
958 3341 1131 3420 postquam
1155 3342 1257 3422 caute,

84 3465 159 3506 num
183 3444 255 3527 quis
279 3442 477 3506 auscultator
500 3444 633 3526 adesset,
656 3444 882 3526 interrogavit:

545 3549 628 3614 erra
651 3552 695 3633 μή
718 3573 767 3624 τις
790 3548 904 3632 ἕστηκε
957 3623 959 3628 Ι

243 3656 407 3737 σύνεγγυς
429 3655 521 3740 ἡμῑν;
545 3659 592 3719 M.
616 3656 696 3719 οὐδὲ
718 3647 806 3742 εἷςῨ)

11 3823 12 3830 1
85 3778 166 3842 Dein
189 3779 379 3864 ambagibus
403 3780 509 3842 missis
533 3780 639 3865 pergit
662 3778 776 3862 Gyllis:

409 3945 413 3950 .
645 3894 646 3898 ’
724 3887 870 3950 ἄκουσον
894 3887 935 3968 δὴ

243 3990 263 4053 ἅ
287 4007 340 4054 σοι
364 3989 526 4075 χρεῖζουσ
554 3986 611 4056 ὧδ’
639 3989 721 4075 ἔβην
744 3991 948 4075 ἀπαγγεῖλαι.

174 4185 199 4252 1)
219 4179 303 4251 φίλον
321 4182 392 4251 πρὸς
411 4183 495 4238 ἄλλον
513 4185 679 4252 Buecheler3
699 4186 812 4252 ἀνδρῶν
830 4185 901 4252 πρὸς
919 4185 1003 4238 ἄλλον
1021 4184 1148 4239 Rutherf.

172 4274 199 4340 2)
219 4271 309 4336 Quam
328 4288 413 4341 saepe
431 4273 502 4327 talia
521 4274 700 4328 inveniantur
714 4275 791 4344 apud
806 4275 957 4340 scaenicos,
976 4275 1024 4327 vix
1043 4276 1086 4327 est
1104 4273 1180 4340 quod
1197 4290 1256 4326 mo·

88 4375 173 4412 neam.
208 4359 242 4413 ef.
258 4361 349 4416 Plaut.
366 4361 441 4415 Trin.
457 4367 504 4416 69:
523 4362 577 4417 Me.
602 4363 740 4431 Numquis
760 4365 803 4416 est
821 4362 868 4416 hie
887 4363 959 4415 alius
978 4364 1091 4431 praeter
1108 4378 1153 4414 me
1172 4363 1257 4429 atque

87 4450 129 4502 te?
157 4447 203 4502 Oa.
227 4449 351 4504 Nemost.
389 4451 509 4506 Mostell.
525 4457 584 4506 472.
