2988 5084
214 321 324 375 urai.
408 299 417 350 l
704 361 747 368 ,
795 326 814 388 8
863 361 903 368 -

214 503 378 565 nullorum
406 501 599 582 carminum,
627 501 734 582 quarti
762 501 967 582 potissimum
996 505 1028 564 et
1056 502 1175 584 octavi,
1203 503 1273 583 ipsa
1300 523 1402 585 argu·
1485 487 1486 568 l

215 612 324 671 menta
354 591 422 671 nori
450 608 527 670 satis
557 610 632 690 apta
656 610 744 688 suut,
772 628 854 688 quae
882 607 917 670 in
945 629 1057 670 scaena
1085 612 1235 692 agantur,
1264 629 1337 671 cum
1363 607 1403 670 in
1485 587 1486 668 .

215 715 317 790 altero
333 714 425 798 signa
443 712 673 795 describantur,
696 713 730 775 in
749 713 850 776 altero
870 713 1031 776 somnium
1050 717 1223 777 enarretur.
1231 710 1256 798 1)
1280 711 1402 796 Itaque
1485 691 1486 716 l

216 819 401 902 Hertlingio
430 817 667 882 assentiendum
701 840 769 882 esse
801 822 895 901 put0,
928 820 984 900 qui
1012 817 1152 904 oenset²)
1189 797 1400 883 mimiambos
1482 799 1486 882 1γ

216 947 285 989 esse
303 925 454 989 recitatos
469 924 509 988 ab
524 925 652 1009 singulo
673 924 812 1006 quodam
831 926 912 989 scito
932 946 994 1007 que
1011 921 1200 989 fabulatore.
1239 923 1302 988 Sed
1320 929 1402 988 utut
1485 931 1486 950 ¹

215 1031 297 1095 haec
319 1053 369 1094 res
394 1053 427 1094 se
449 1029 563 1112 habet,
591 1031 625 1093 in
654 1030 883 1112 componendis
912 1032 978 1094 suis
1007 1023 1202 1095 carminibus
1230 1030 1400 1094 Herodem

217 1143 254 1202 ut
281 1139 454 1200 mimorum
484 1141 551 1200 arte
580 1137 744 1221 ipsiusque
772 1137 857 1200 vitae
881 1136 1074 1200 cottidianae
1099 1136 1322 1202 observatione
1350 1137 1401 1200 sic

218 1246 314 1308 etiam
344 1245 561 1308 scaenicorum
590 1248 758 1326 poetarum
789 1242 908 1306 fabulis
939 1243 1085 1306 adiutum
1118 1265 1185 1308 esse
1217 1246 1249 1306 et
1278 1264 1316 1306 ex
1345 1263 1400 1306 co-

217 1351 352 1414 moediis
375 1349 579 1433 potissimum
603 1349 728 1431 aliquot
742 1348 864 1413 colores
884 1350 1018 1412 traxisse
1037 1349 1249 1413 demonstrari
1267 1350 1400 1431 poterit.

218 1455 286 1521 Iam
319 1458 419 1541 igitur
447 1457 591 1541 singulos
624 1455 828 1519 mimiambos
856 1477 893 1519 ea
921 1477 985 1538 qua
1012 1477 1071 1538 par
1098 1460 1147 1519 est
1179 1454 1337 1534 modestia
1367 1459 1402 1516 et

219 1565 367 1629 cautione
390 1563 629 1646 perlustremus.
1485 1541 1486 1554 ¹

736 1809 834 1873 Minu
858 1809 883 1872 l.

310 1970 359 2035 Ac
393 1972 497 2054 primo
535 1970 664 2052 quidem
698 1971 839 2034 carmine
872 1969 1073 2034 conciliatrix
1105 1968 1268 2032 inducitur
1299 1967 1398 2031 fidem

219 2079 364 2142 mulieris
383 2078 518 2142 alicuius
537 2076 696 2140 illecebris
714 2081 852 2158 tentans,
872 2097 953 2158 quae
972 2075 1113 2140 absentis
1132 2075 1240 2138 mariti
1258 2073 1398 2137 reditum

220 2189 376 2268 expectat.

311 2290 435 2355 Similia
454 2293 643 2374 argumenta
662 2293 856 2354 tractaverat
874 2288 1056 2372 Euripides,
1080 2310 1175 2370 quam
1201 2286 1242 2350 ob
1265 2308 1333 2350 rem
1358 2286 1398 2348 ab
1485 2315 1486 2322 ο

220 2396 439 2480 Aristophane
464 2396 640 2480 castigatur
664 2391 881 2480 (ran.1079):

470 2523 472 2528 '
501 2520 541 2583 οὐ
565 2522 783 2603 προαγωγοὺς
806 2515 962 2595 κατέδειξ’
990 2511 1105 2599 οὗτος;

220 2665 311 2728 velut
347 2665 382 2726 in
418 2662 598 2746 Hippolyto
631 2662 790 2726 nutricem
828 2661 906 2724 fecit
942 2661 1113 2724 castissimi
1150 2660 1238 2723 illius
1275 2658 1398 2722 iuvenis

221 2791 364 2834 amorem
393 2791 465 2832 erae
493 2769 727 2832 conciliantem.
778 2765 900 2830 Comici
928 2770 1036 2829 autem
1067 2788 1163 2848 quam
1188 2786 1282 2847 saepe
1308 2766 1398 2828 lenae

221 2876 407 2940 induxerint
452 2895 621 2958 personam
667 2874 803 2937 fortasse
849 2894 888 2935 ex
933 2873 1106 2934 mimorum
1152 2875 1220 2935 arte
1264 2871 1397 2954 petitam
1485 2895 1486 2900 ¹

224 2980 277 3067 (of.
302 3003 398 3064 supra
422 3003 453 3064 p.
476 2977 512 3066 4)
548 3001 643 3043 nemo
681 2984 730 3043 est
767 2979 822 3060 qui
859 2979 993 3042 nesciat:
1036 2978 1164 3060 scripsit
1199 2975 1397 3060 Philippides

223 3084 472 3172 Μαστροπόνῧ),
496 3087 625 3169 scripsit
648 3085 736 3168 Atta,
759 3089 943 3171 togatarum
963 3085 1109 3167 scriptor,
1134 3081 1397 3165 conciliatricem,

224 3195 363 3276 denique
382 3193 507 3276 saepius
522 3194 557 3256 in
570 3193 760 3277 fragmentis
776 3196 948 3256 occurrunt
961 3192 1060 3254 lenae.
1099 3188 1197 3272 Apud
1211 3187 1396 3271 Euripidem
1485 3187 1486 3212 ¹

224 3301 353 3384 quidem
377 3301 487 3363 nutrix
511 3320 575 3381 quo
598 3299 725 3362 facilius
748 3285 863 3360 Thesei
886 3296 979 3359 uxori
1002 3295 1200 3379 persuadeat,
1223 3299 1260 3358 ut
1282 3293 1397 3358 Veneri
1485 3283 1486 3290 ἵ

224 3407 325 3492 cedat,
343 3408 395 3471 vel
410 3405 485 3470 deos
504 3405 702 3468 immortales
721 3405 891 3486 ipsumque
905 3400 1015 3466 Iovem
1030 3399 1176 3485 Cypriae,
1195 3401 1271 3464 deae
1290 3404 1397 3483 poten·

316 3636 341 3703 1)
361 3632 501 3699 Grumum,
526 3633 575 3700 qui
598 3632 673 3685 hunc
696 3631 857 3700 scrupulum
881 3631 981 3684 tollere
1005 3630 1101 3683 studet
1120 3628 1164 3699 (cf.
1185 3629 1290 3682 Ualero.
1305 3645 1331 3695 p.
1348 3632 1397 3696 97),

224 3725 301 3777 recte
324 3721 452 3776 refellere
475 3721 545 3774 mihi
569 3721 682 3774 videtur
704 3719 834 3788 Legrand
858 3719 964 3787 (Revne
991 3717 1040 3771 des
1059 3703 1103 3770 Et.
1124 3733 1194 3783 ano,
1217 3718 1238 3770 t.
1253 3715 1299 3783 IV,
1324 3720 1396 3782 1902,

224 3831 251 3882 p.
269 3811 435 3881 10.adn.2).

316 3904 342 3970 2)
362 3900 396 3954 cf.
412 3899 551 3968 Hortling‚
572 3897 755 3962 Quaestiones
764 3897 904 3964 mimicae,
923 3897 1039 3965 Argent.
1055 3900 1123 3948 1899
1133 3913 1160 3963 p.
1172 3900 1206 3946 24
1221 3897 1250 3947 et
1263 3892 1396 3962 Legrand,

226 3991 275 4057 qui
293 3988 417 4042 rationes
441 3988 477 4041 ab
500 3987 535 4042 H.
550 3987 676 4056 prolatas
695 3986 853 4039 accuratius
877 3986 1030 4054 percenset.
1069 3981 1124 4036 Sed
1146 3981 1210 4036 vide
1228 3999 1303 4035 nunc
1330 3997 1396 4049 qnae

227 4081 325 4132 contra
344 4077 476 4131 disseruit
494 4075 607 4130 Orusiue
626 4075 759 4130 Festsolu.
783 4075 880 4128 Theod.
902 4073 1034 4140 Gorcpera
1052 4089 1079 4140 p.
1096 4075 1147 4124 384
1154 4087 1188 4124 ss.

316 4169 343 4234 3)
363 4165 447 4219 Curius
465 4165 580 4220 fabulae
599 4181 685 4216 unum
705 4163 780 4230 quod
800 4164 892 4216 exstat
914 4161 1104 4230 fragmentum
1123 4157 1311 4222 ἀπόστασις
1329 4158 1396 4227 (ἀντὶ

226 4264 276 4308 τοῦ
300 4253 380 4308 οἴνου
403 4253 555 4320 ἀποθήκας
578 4253 681 4322 ἔχουσα
704 4251 792 4305 Bekk.
812 4250 917 4304 Anecd.
933 4255 975 4317 80,
991 4255 1037 4316 32,
1061 4249 1092 4301 in
1115 4248 1217 4316 quibus
1240 4247 1334 4301 verbis
1355 4247 1396 4300 vix

226 4346 302 4396 recte
321 4342 445 4396 Kockius
464 4342 503 4394 111
516 4360 543 4411 p.
560 4346 611 4395 305
632 4341 741 4408 aliquid
770 4339 906 4393 excidisse
929 4341 1023 4408 putat)
1052 4337 1157 4391 comice
1181 4336 1320 4390 ebriosam
1342 4353 1396 4388 mu·

226 4432 333 4498 liorem,
352 4431 471 4484 fortasse
490 4432 581 4499 ipsam
600 4429 694 4482 lenam
712 4428 877 4498 significat·
