2988 5084
247 305 354 374 Miml,
375 311 417 373 ιι,
433 311 474 358 τι.
730 345 771 352 ..
820 308 861 369 14
910 345 947 353 ..

408 486 425 550 ὁ
450 487 645 567 Ματακίνης
668 493 726 566 τῆς
749 487 935 548 Παταικλοο
960 486 1089 561 Γύλλος

407 590 424 655 ὁ
444 591 541 656 πέντε
565 590 685 655 νικέων
708 585 938 666 ἆθλα-παῖς
960 591 1022 672 μὲν
1045 590 1082 656 ἐν
1105 597 1232 675 Πνθοῑ,

408 696 461 774 θὶς
485 695 514 761 θ’
533 696 571 762 ἐν
594 699 755 782 Κορίνθῳ
779 699 857 773 τοὺς
882 703 998 762 ἴουλον
1022 697 1208 772 ἀνθεῦντας
1223 749 1229 762 .
1246 748 1275 762 ..

335 819 533 886 Adulescens
557 823 627 905 iste,
656 824 712 906 qui
733 844 792 906 per
814 823 1064 886 conciliatricem
1087 826 1164 886 vota
1187 845 1244 886 sua
1268 822 1308 885 ad
1331 845 1427 887 aures

245 925 424 992 Metrichee
447 929 576 1012 perfert,
600 928 754 1013 gemellos
778 929 918 1012 quodam
941 928 1037 992 modo
1060 929 1159 993 habet
1187 930 1220 992 in
1248 929 1426 993 comoedia.

247 1031 381 1116 Saepius
405 1035 490 1098 enim
514 1036 549 1098 in
567 1035 805 1099 comoediarum
832 1035 938 1098 titulis
966 1035 1106 1098 occurrit
1134 1039 1426 1121 Παγκρατιαστήςε

243 1141 455 1224 cognomines
495 1146 585 1205 erant
625 1141 753 1204 fabulae
795 1138 954 1224 Alexidis,
995 1141 1208 1223 Philemonis,
1249 1141 1426 1226 Theophili

245 1247 297 1308 vel
320 1245 460 1330 Diphili,
492 1248 577 1330 apud
604 1247 768 1311 Romanos
796 1245 897 1331 Enni3
935 1247 991 1329 qui
1018 1247 1133 1310 titulus
1162 1249 1277 1328 ductus
1301 1253 1349 1313 est
1382 1250 1424 1313 ab

245 1352 376 1415 athletis
399 1353 523 1436 palmas
552 1377 570 1417 a
594 1377 627 1417 se
650 1355 732 1418 latas
755 1353 959 1436 iactantibus,
983 1354 1125 1417 eiusdem
1149 1354 1272 1418 scilicet
1295 1357 1424 1439 generis
1469 1433 1470 1438 ἵ

244 1458 445 1542 hominibus,
474 1461 564 1526 cuius
594 1466 668 1525 sunt
696 1461 816 1524 milites
845 1459 987 1544 gloriosi.
1036 1458 1199 1524 Nimirum
1230 1462 1265 1524 hi
1294 1463 1424 1546 pugiles

246 1563 381 1630 Veneris
409 1587 476 1630 non
506 1566 612 1630 minus
641 1567 772 1649 proeliis
801 1587 897 1648 quam
920 1565 1033 1630 Martis
1062 1570 1117 1630 aut
1140 1565 1288 1630 Herculis
1321 1568 1423 1632 fortes

245 1676 335 1734 erent
367 1675 464 1754 atque
494 1671 670 1758 spectatil)
716 1671 912 1736 Huiusmodi
944 1673 1121 1757 gloriosum
1153 1673 1298 1758 pugilem
1330 1675 1423 1739 audis

244 1777 351 1859 ipsum
376 1801 393 1842 e
416 1778 522 1842 verbis
546 1778 774 1842 conciliatricis
801 1778 996 1861 loquentem,
1021 1778 1076 1861 qui
1103 1775 1241 1842 fortasse
1268 1781 1422 1844 victorias
1475 1817 1477 1924 ρ

245 1883 417 1947 somniavit
440 1888 477 1946 ut
499 1883 554 1946 ille
578 1883 665 1966 apud
687 1881 896 1969 Alexidem.²)

333 1989 510 2072 Postquam
524 1991 597 2052 lene
611 1991 771 2053 enarravit
785 1989 967 2073 triumphos
981 1991 1111 2076 pugilis,
1130 1991 1194 2054 iam
1214 1995 1334 2056 ceteras
1354 1991 1422 2054 eius

243 2100 402 2160 memorat
424 2097 560 2161 virtutes
583 2119 612 2159 v.
628 2096 683 2160 54:

405 2202 577 2267 πλοντέὼν
600 2203 636 2266 τὸ
660 2205 773 2286 καλόν,
793 2203 873 2267 οὐδὲ
895 2205 1022 2288 κάρφος
1046 2203 1082 2268 ἐκ
1105 2213 1163 2285 τῆς
1186 2213 1247 2285 γῆς

404 2308 534 2390 κινέαν,
559 2311 697 2384 ἄθικτος
719 2311 775 2373 ναὶ
798 2307 1010 2394 Κυθηρίηνδ)
1035 2311 1187 2394 σφρηγλ.
1278 2355 1281 2363 .

242 2431 323 2495 llius
343 2433 469 2517 generis
487 2432 597 2496 laudes
616 2433 698 2496 lenis
716 2433 783 2496 fere
801 2455 977 2516 numquam
999 2434 1205 2498 omittuntur:
1228 2434 1418 2516 pudicitiam

241 2539 331 2601 ‘vafre
362 2538 499 2602 laudunt
531 2561 655 2622 eorum,
674 2558 769 2622 'quos
797 2540 1020 2604 commendere
1057 2541 1179 2606 volunt
1225 2538 1296 2604 Tali
1328 2542 1418 2603 lenae

242 2645 479 2727 praedicatione
503 2646 629 2729 decepti
646 2647 726 2711 haec
745 2650 820 2711 sunt
838 2645 936 2710 verba
960 2643 1141 2732 (Epicrates
1153 2647 1182 2730 9,
1196 2644 1229 2710 ΙΙ
1243 2669 1273 2730 p.
1289 2644 1417 2731 285K):

403 2768 520 2844 τελέως
542 2768 576 2850 μ’
603 2770 757 2852 ὑπῆλθεν
779 2771 799 2854 ἡ
823 2772 1005 2854 κατάρατος
1028 2773 1226 2854 μαστροπός,

405 2872 657 2958 ἐπομνύουσα
679 2877 750 2940 τάν
773 2878 922 2960 Κόραν,
946 2877 1016 2939 ταν
1032 2874 1222 2960 Ἄρτεμιν,

403 2982 473 3045 τὰν
498 2981 793 3066 Φερρέφατταν,
817 2982 865 3058 ὡς
888 2982 1067 3063 δάμαλις,
1092 2982 1139 3057 ὡς
1163 2981 1377 3066 παρθένος,

404 3087 452 3164 ὡς
475 3093 601 3164 πῶλος
625 3087 760 3172 ἀδμής·
784 3089 804 3171 ἡ
828 3087 858 3152 d’
886 3086 937 3173 ἄρ’
965 3083 1008 3171 ἦν
1030 3089 1159 3169 μυωνια

403 3194 470 3276 ὅλη.

332 3315 431 3381 Vides
455 3320 562 3380 autem
586 3339 683 3399 quam
705 3339 772 3380 non
795 3316 922 3380 differat
945 3316 1022 3382 huic
1046 3315 1161 3399 Gyllis:
1185 3316 1259 3380 deas
1282 3321 1417 3382 testatur

243 3421 297 3506 (cf.
304 3422 379 3486 Her.
388 3421 621 3507 mim.1‚32,54‚
628 3421 786 3510 66,86)4),
804 3423 901 3487 variis
915 3424 1018 3486 utitur
1032 3423 1228 3508 imaginibus
1242 3423 1283 3486 ad
1296 3423 1415 3507 pudici·

333 3618 358 3685 1)
377 3615 411 3668 cf.
427 3614 540 3668 drusius
560 3616 664 3669 Uetera.
678 3633 705 3683 p.
721 3621 762 3668 16.

332 3707 358 3774 2)
377 3703 410 3756 fr.
426 3709 486 3771 272,
501 3703 527 3756 H
540 3721 567 3772 p.
583 3703 674 3770 397Κ,
694 3704 769 3771 quod
788 3703 825 3756 ad
838 3703 1053 3757 Pancratiasten
1061 3703 1148 3756 refert
1157 3702 1327 3756 Meinekius:

437 3793 485 3846 καὶ
504 3791 559 3860 μὴν
578 3792 713 3846 ἐνύπνιον
732 3788 827 3860 οἴομαί
847 3789 875 3860 γ’
897 3790 1047 3859 ἑορακέναι

438 3879 590 3949 νικητικόν.
618 3879 650 3933 Β.
675 3879 733 3949 λέγ’
748 3878 825 3934 αὐτό.
855 3880 887 3932 A.
911 3880 961 3934 τὸν
980 3889 1050 3934 νοῦν
1068 3879 1186 3950 πρόσεχε
1205 3879 1248 3946 δή.

439 3970 468 4024 ἐν
487 3973 526 4042 τῷ
545 3965 648 4041 σταδίῳ
666 3977 722 4022 τῶν
741 3970 955 4038 ἀνταγωνιστῶν
973 3967 1007 4038 μέ
1024 3988 1066 4029 τις

438 4055 530 4112 ἐδόκει
548 4066 707 4125 στεφανοῦν
726 4058 829 4127 γυμνὸς
846 4059 1011 4126 προσελθών
1026 4099 1031 4110 .
1049 4098 1076 4113 ..

332 4149 358 4216 3)
377 4146 426 4200 ναὶ
444 4149 519 4200 Κνθ.
534 4145 696 4214 Buecheler,
715 4146 864 4212 Zielinski3
884 4146 911 4209 ἐς
930 4145 1019 4212 Crus.;
1043 4145 1079 4200 de
1097 4145 1244 4214 proverbio
1264 4145 1329 4199 οὐδὲ
1348 4145 1412 4214 κάρ-

241 4254 297 4304 φος
316 4277 321 4288 .
338 4277 366 4289 ..
386 4234 488 4290 κινέων
506 4235 571 4288 vide
588 4235 663 4288 infra
677 4254 704 4304 p.
716 4241 757 4289 33.

331 4327 358 4394 4)
377 4324 493 4378 Rectius
515 4324 605 4394 igitur
628 4324 761 4377 scribitur
778 4341 803 4376 v.
819 4330 865 4378 to:
894 4323 1013 4388 ἄθικτος
1032 4325 1086 4379 ναὶ
1115 4321 1268 4392 Κυθηρὶην
1296 4320 1412 4393 σφρηγὶς

241 4414 293 4482 (sic
311 4411 467 4467 Buecheler
484 4411 639 4482 Zielinski).
