2988 5084
82 527 121 590 in
151 525 385 590 Ecclesiaznsis
414 525 650 589 adulescentem
680 521 854 606 quendam,
888 521 944 604 qui
975 521 1088 584 relicto
1120 519 1269 584 convivio

82 633 299 696 comissatum
323 631 349 695 it
373 630 413 694 ad
435 629 586 712 puellam.
594 625 620 714 ¹)
666 626 738 692 Hoc
762 627 862 712 igitur
889 630 1116 712 argumentum
1141 623 1270 688 Graecis

81 739 228 820 indeque
270 734 455 822 Romanisl)
497 735 704 799 tritissimum
745 734 854 798 nescio
895 755 937 796 an
982 732 1156 819 mimorum
1202 736 1270 794 arte

81 847 231 928 primum
254 847 529 927 repraesentatum
553 841 604 905 sit.

181 949 245 1016 Sed
267 951 346 1015 alias
370 971 498 1032 quoqne
522 949 696 1012 mimorum
719 969 871 1031 personas
897 968 937 1008 ex
960 944 1128 1034 Athenaeo
1153 966 1271 1030 cogno-

84 1059 219 1124 scimus.
264 1056 406 1120 Boeotus
430 1055 517 1118 enim·
546 1051 764 1137 Syracusanus
788 1053 906 1116 eximia
933 1055 1000 1116 arte
1028 1052 1174 1116 imitatus
1202 1073 1270 1136 esse

85 1164 210 1228 dicitur
233 1163 441 1244 πισσύγγους
464 1159 484 1243 d
508 1171 623 1245 φῶρας
647 1157 802 1234 ἀναιδέας
824 1160 845 1241 ti
868 1181 943 1222 τινα
966 1159 1113 1242 χλούνην
1138 1155 1271 1244 (Athen.

85 1267 152 1332 XV
168 1269 233 1333 699
249 1266 329 1354 0).)

180 1375 225 1440 Ilt
248 1374 366 1439 sutoris
386 1373 516 1456 quidem
536 1374 658 1456 primae
683 1377 758 1436 sunt
780 1375 889 1455 partes
913 1371 947 1434 in
966 1371 1104 1453 septimo
1123 1369 1272 1434 Herodae

87 1481 293 1564 mimiambo,
324 1481 449 1544 lenonis
478 1477 532 1566 (cf.
551 1476 711 1563 χλούνην)
740 1479 774 1542 111
797 1479 912 1560 altero,
941 1481 973 1541 et
1004 1478 1141 1542 fortasse
1174 1477 1272 1541 etiam

87 1588 178 1652 fures
201 1588 251 1652 illi
273 1586 555 1670 impudentissimi,
578 1607 660 1668 qnos
679 1589 775 1668 poeta
794 1589 952 1648 memorat
966 1585 1054 1647 mim.
1064 1581 1121 1666 IV,
1132 1583 1184 1666 63,
1207 1585 1272 1648 huc

88 1698 168 1758 sunt
190 1694 356 1758 referendi.
403 1692 481 1758 Veri
504 1695 612 1756 autern
636 1691 741 1756 simile
763 1696 875 1776 putem
898 1693 936 1754 ut
963 1695 1154 1776 argumenta
1178 1712 1272 1773 qnae-

90 1801 166 1864 dam
198 1802 251 1864 vel
284 1801 430 1886 singulos
462 1801 565 1882 locos,
603 1800 659 1882 qni
690 1799 829 1863 maxime
865 1799 998 1882 plausus
1034 1798 1189 1879 tulerant,
1226 1798 1273 1862 ita

89 1907 223 1971 nomina
241 1928 450 1990 personarum
469 1929 487 1970 e
505 1907 678 1974 mimarum
698 1907 889 1988 spectaculis
907 1906 1105 1968 famosarum
1123 1903 1219 1968 facile
1239 1904 1273 1967 in

90 2015 247 2078 memoria
269 2013 419 2096 haesisse,
442 2013 488 2076 ita
506 2017 544 2076 ut
562 2013 678 2077 comici
697 2033 824 2096 quoque
848 2016 962 2094 poetae
985 2011 1064 2076 talia
1086 2011 1121 2074 in
1143 2009 1271 2074 fabulas

90 2121 231 2184 inserere
250 2141 317 2183 non
335 2119 527 2184 dubitarent.
564 2117 683 2184 Nescio
703 2118 803 2204 igitur
822 2141 864 2182 an
881 2119 968 2182 furta
992 2139 1121 2200 quoque
1141 2117 1272 2200 comica,

92 2247 175 2309 quae
203 2230 280 2290 sunt
307 2225 393 2309 apud
415 2223 681 2308 Aristophanem,
711 2247 728 2290 e
752 2225 859 2289 mimis
883 2225 918 2288 in
941 2223 1140 2288 comoediam
1163 2244 1273 2306 perve-

91 2333 206 2396 nerint.
252 2331 338 2396 Nam
371 2333 498 2396 cuinam
532 2341 646 2418 φῶρας
670 2331 825 2408 ἀναιδέας
852 2331 887 2394 111
910 2331 1048 2394 mimicis
1072 2329 1272 2414 argumentis

93 2439 191 2502 iniere
223 2437 376 2524 legenti4)
404 2461 471 2502 non
498 2440 533 2503 in
559 2443 701 2504 mentem
729 2439 817 2503 venit
845 2438 1061 2520 allantopolae
1084 2437 1163 2500 haec
1187 2436 1273 2519 apud

93 2544 344 2628 Aristophanem
368 2546 536 2630 gloriantis
560 2567 630 2628 equ.
645 2545 724 2609 418:

183 2667 353 2752 ἐξηπάτων
376 2671 439 2754 γὰρ
463 2671 541 2744 τοὺς
564 2671 743 2753 μαγείρους
766 2667 928 2752 ἐπιλέγων
951 2669 1092 2733 τοιαυτί·

183 2774 363 2858 σκέψασθε,
387 2763 515 2850 παῖδες·
540 2775 601 2858 οὐχ
625 2773 737 2861 epea,
761 2777 830 2860 ὥρα
853 2774 923 2858 νέα,
947 2777 1096 2860 χελιδών.

184 2883 215 2944 ολ
240 2879 269 2945 d’
289 2884 440 2964 ἔβλεπον,
464 2879 598 2964 κάγὼ’ν
621 2883 769 2969 τοσούτῳ
793 2893 861 2946 τῶν
884 2893 991 2967 κρεῶν
1015 2885 1184 2948 ἔκλεπτον.

96 3027 127 3086 et
150 3022 263 3086 deinde

152 3145 205 3210 καλ
229 3155 333 3211 ταῦτα
356 3148 448 3232 ἀρῶν
471 3144 660 3211 ἐλάνθανόν
684 3145 729 3230 γ’·
754 3149 782 3211 ελ
807 3146 836 3212 d'
856 3145 918 3214 οὖν
942 3150 1226 3236 inolesceret,

153 3251 444 3336 ἀποκρυπτόμενος
468 3255 514 3329 εἰς
536 3253 581 3316 τὼ
605 3255 735 3337 κοχώνα
758 3256 836 3330 τοὺς
859 3257 961 3331 θεοὺς
984 3255 1155 3339 ἀπώμνυν.

185 3447 210 3512 1)
230 3441 264 3496 ef.
280 3443 386 3498 Eccles.
403 3449 467 3498 947:

360 3528 425 3598 stet
445 3528 466 3585 ὦ
485 3530 559 3600 θεολ,
578 3533 690 3604 λάβοιμι
708 3533 760 3602 τὴν
779 3535 867 3604 καλὴν
886 3535 984 3606 μόνην,

361 3617 404 3689 ἐφ’
425 3619 461 3689 ἣν
480 3623 616 3684 πεπωκὼς
635 3612 749 3696 ἔρχομαι
767 3624 855 3678 πάλαι
873 3629 983 3680 ποθῶν.

182 3730 208 3795 2)
226 3726 304 3780 Idem
323 3731 519 3796 argumentum
534 3728 628 3798 explet
641 3729 770 3798 Properti
789 3731 911 3800 elegiam
928 3732 950 3798 I,
965 3738 980 3786 3
996 3733 1145 3804 integram,
1164 3734 1194 3787 in
1213 3751 1271 3802 qua

98 3833 125 3868 se
142 3815 235 3884 ipsum
257 3816 343 3884 poeta
367 3816 502 3870 describit
525 3835 540 3871 e
559 3819 687 3872 convivio
711 3819 748 3871 ad
771 3819 897 3888 puellam
920 3821 1087 3876 venientem.
1123 3823 1199 3900 Audi
1218 3823 1270 3876 hos

97 3903 270 3972 potissimum
289 3919 384 3956 versus
403 3903 545 3973 Properti:

304 3991 392 4046 Ebria
411 4010 474 4046 cum
493 3994 582 4048 multo
601 3973 742 4050 traherem
761 3997 883 4066 vestigia
901 3997 1022 4066 Bacche,

376 4081 413 4135 Et
432 4085 581 4149 quaterent
600 4099 662 4138 sera
680 4087 764 4139 nocte
782 4085 874 4139 facem
892 4087 981 4156 pueri.

181 4191 207 4257 3)
227 4188 261 4240 cf.
278 4187 391 4241 Crusius
410 4189 513 4244 Uetere.
530 4209 557 4259 p.
572 4195 616 4256 50,
635 4190 736 4245 Philol.
753 4191 849 4261 Suppl.
865 4192 911 4262 VI,
930 4212 957 4263 p.
973 4200 1033 4248 284.

180 4279 207 4345 4)
226 4276 327 4344 Adice,
360 4277 436 4344 quod
469 4277 573 4332 similia
600 4280 680 4333 mimi
709 4283 875 4350 argumenta
898 4281 1029 4337 saltando
1057 4283 1266 4352 exprimebant3

98 4365 128 4417 ef.
146 4364 215 4418 haec
234 4365 377 4420 schemata
396 4382 414 4418 a
431 4366 558 4435 Polluce,
586 4369 746 4438 Athenaeo,
774 4369 916 4439 Hesychio
938 4374 1106 4426 memorata:
1135 4371 1267 4440 κλαπελα,

98 4461 179 4520 κρεῶν
190 4455 223 4522 (t)
243 4453 383 4522 ἀποκοπή,
401 4455 490 4523 κλοπὴ
509 4465 565 4510 τῶν
585 4455 677 4512 ἑώλων
695 4467 793 4526 κρεῶν,
