2988 5084
172 1160 319 1225 Herodae
343 1161 484 1224 carmina
508 1162 690 1244 quicunque
713 1162 810 1244 paulo
838 1163 1036 1226 accuratiore
1060 1164 1262 1246 percensebit

76 1268 201 1350 studio,
224 1268 253 1331 ei
277 1288 344 1330 non
367 1267 499 1330 dubium
522 1268 591 1331 fore
615 1267 763 1350 arbitror,
788 1269 866 1350 quid
890 1269 928 1332 de
952 1269 1040 1332 illius
1064 1270 1195 1355 ingenio
1219 1272 1262 1335 sit

77 1373 298 1439 iudicandum.
345 1373 421 1438 Fuit
453 1375 538 1437 enim
570 1377 666 1457 poeta
698 1374 785 1438 haud
818 1376 1029 1459 spernendus,
1058 1378 1114 1459 qui
1141 1397 1261 1441 novum

78 1481 243 1545 excoleret
270 1481 377 1563 poesis
410 1502 510 1566 genus
545 1481 615 1564 ipsa
646 1482 832 1545 inventione
868 1486 900 1546 et
931 1505 1038 1545 rerum
1069 1485 1262 1547 tractatione

77 1590 202 1672 pariter
234 1590 368 1674 insigne.
423 1585 454 1649 A
485 1587 589 1650 forma
622 1590 730 1650 autem
761 1588 895 1652 metrica
933 1593 966 1652 et
997 1593 1261 1674 argumentorum

77 1697 206 1760 ratione
230 1693 434 1759 mimiambos
457 1714 574 1757 nomen
597 1693 733 1758 traxisse
753 1698 868 1758 notum
889 1698 946 1762 est.
982 1693 1091 1778 Atque
1110 1695 1262 1759 choliam-

77 1802 196 1865 borum
212 1801 342 1884 quidem
361 1822 529 1864 numerum
549 1801 672 1864 invenit
690 1804 723 1864 et
741 1801 883 1865 excoluit
902 1799 1076 1885 Hipponax
1090 1801 1261 1886 Ephesius,

12 1957 15 1964 .
80 1910 173 1972 ouius
201 1909 270 1992 ipse
298 1906 443 1970 Herodes
471 1907 505 1970 in
527 1907 693 1990 prooemio
721 1907 917 1971 mentionem
945 1909 1068 1991 iniecit,
1096 1909 1259 1972 mimicam

80 2019 184 2078 artem
207 2015 331 2098 primus
354 2014 455 2077 literis
479 2013 643 2077 mandavit
667 2011 826 2097 Sophron,
849 2019 945 2098 poeta
970 2013 1110 2078 Siculus:
1135 2033 1173 2078 ex
1196 2014 1261 2079 hoc

81 2121 204 2204 duplici
230 2120 321 2184 fonte
354 2119 446 2204 quasi
473 2141 591 2182 novam
615 2124 648 2183 et
676 2141 766 2183 suam
791 2120 947 2184 derivavit
979 2126 1081 2184 artem
1104 2120 1259 2186 Herodes.

80 2225 133 2290 Ab
165 2224 370 2310 Hipponacte
403 2249 476 2290 cum
513 2230 617 2290 metro
650 2227 747 2290 etiam
785 2229 942 2291 sermonis
985 2249 1086 2312 genus
1123 2229 1260 2311 sumpsit

80 2333 213 2418 vulgare
248 2332 295 2396 ad
335 2332 597 2396 mimiamborum
638 2332 780 2396 indolem
822 2334 1039 2418 aptissimum3
1081 2332 1259 2417 Sophronis

80 2441 197 2503 mimos
227 2443 264 2503 ut
291 2441 467 2524 ignoraret,
499 2435 534 2502 in
560 2443 651 2504 tanta
678 2440 755 2503 artis
784 2440 941 2504 affinitate
968 2441 1038 2504 fieri
1065 2441 1121 2504 vix
1143 2441 1258 2524 potuit.

82 2544 146 2609 Sed
160 2569 198 2610 ex
213 2546 378 2611 comoedia
397 2567 525 2628 quoque
545 2567 658 2630 graeca
678 2545 804 2628 aliquot
822 2545 945 2610 colores
969 2547 1009 2610 ab
1034 2569 1072 2610 eo
1096 2547 1258 2630 adsumpti

82 2655 165 2735 sunt,
189 2657 221 2716 ct
244 2652 277 2715 id
297 2654 404 2736 ipsum
423 2652 517 2716 nobis
542 2652 671 2735 quidem
695 2651 913 2716 demonstrare
937 2654 971 2716 in
995 2653 1103 2717 animo
1127 2657 1176 2717 est
1198 2653 1259 2717 hac

83 2758 360 2822 commentatione.

170 2863 215 2928 At
229 2863 384 2946 Herodes,
407 2865 483 2928 licet
505 2863 661 2929 nonnulla
684 2866 756 2928 aliis
775 2865 930 2948 debuerit,
954 2887 1012 2929 suo
1037 2865 1134 2930 simul
1156 2867 1257 2948 ipsius

82 2971 199 3054 ubique
218 2973 321 3036 utitur
339 2972 483 3056 ingeni03
506 2975 604 3054 atque
624 2973 651 3035 si
675 2973 753 3054 quid
775 2972 904 3036 aliunde
926 2971 1066 3055 petebat,
1088 2976 1155 3036 tam
1178 2973 1257 3036 scite

83 3077 285 3142 adsimulavit
304 3078 445 3161 reliquis,
468 3083 505 3142 ut
523 3100 606 3141 unus
624 3083 779 3161 tanquam
798 3080 888 3142 color
905 3078 1007 3142 totius
1031 3077 1073 3142 sit
1095 3078 1256 3160 carminis,

83 3189 137 3247 eut
171 3187 263 3248 tanta
278 3259 281 3268 Ι
299 3188 366 3247 arte
398 3183 523 3247 inflexit
554 3184 653 3248 verba
684 3183 736 3247 vel
767 3185 964 3266 immutavit,
996 3189 1033 3248 ut
1066 3185 1256 3248 imitationis

83 3290 216 3374 vestigia
238 3289 294 3354 vix
316 3289 506 3374 pelluoeant.
542 3289 628 3355 Nam
651 3295 689 3355 ut
712 3291 855 3376 singulas
878 3312 973 3355 voces
993 3291 1150 3373 omittam,
1174 3312 1255 3372 quae

85 3399 237 3478 quantum
261 3396 391 3478 quidem
418 3397 514 3460 hodie
538 3398 656 3461 scimus
685 3419 751 3461 non
778 3399 840 3461 nisi
872 3397 958 3481 apud
981 3396 1144 3460 Herodem
1167 3418 1255 3479 repe

83 3500 252 3586 riunt1n¹),
275 3504 450 3568 sententias
474 3524 617 3586 quoque,
646 3503 745 3586 dicta,
767 3503 938 3586 proverbia
962 3503 1054 3585 quasi
1077 3525 1161 3567 nova
1183 3524 1255 3586 pro-

83 3608 156 3671 tulit
187 3609 239 3672 vel
270 3609 379 3692 aliquo
413 3609 526 3672 saltem
558 3609 654 3672 modo
687 3606 850 3696 variatal)
908 3607 955 3674 Ut
991 3613 1099 3673 autem
1135 3609 1254 3674 bonam

169 3801 195 3868 1)
214 3798 249 3852 cf.
264 3799 339 3851 mim.
355 3800 376 3867 Ι,
396 3804 442 3852 6οτ
466 3798 615 3866 aaronica
640 3801 686 3867 HI,
706 3807 753 3855 85:
777 3809 837 3870 pos,
863 3801 1021 3856 derivatum
1040 3817 1058 3854 a
1075 3800 1162 3855 verbo
1181 3801 1253 3870 parion

84 3886 186 3952 Ima:
215 3884 398 3957 λαίμαστρονς
426 3888 473 3954 VI,
488 3893 517 3941 8:
540 3898 742 3958 πρημονῶσανς
762 3889 809 3957 Vl,
825 3895 870 3943 16:
891 3891 1044 3960 νώβυστρα.
1091 3889 1163 3943 Usus
1192 3907 1254 3942 sum

86 3975 203 4029 editione
221 3975 312 4030 Orusii
331 3976 416 4031 tertia
435 3993 459 4030 a.
475 3975 563 4030 Meu.

168 4067 195 4134 2)
214 4065 289 4118 mim.
305 4065 326 4133 I,
342 4070 390 4120 32:
414 4075 546 4134 γυναῖκες
569 4064 687 4130 ὁπόσους
709 4068 743 4121 οὐ
762 4105 815 4124 ...
834 4066 963 4136 ἀστέ)ρας
986 4066 1109 4136 ἐνεγκεῖν
1132 4066 1254 4134 οὐρανὸς

85 4153 246 4223 arneomai
277 4153 323 4222 (cf.
353 4153 383 4207 O.
400 4153 513 4208 Orosius
541 4155 697 4210 coarcat.
726 4173 753 4224 p.
769 4158 810 4225 8),
838 4172 923 4223 quam
951 4155 1104 4224 imaginem
1131 4154 1252 4223 primum

86 4257 143 4294 eum
174 4243 210 4294 ad
247 4242 396 4295 mulierum
433 4243 638 4297 abundantiam
669 4243 849 4298 transtulisse
882 4261 934 4314 ego
967 4243 1013 4296 vix
1045 4243 1251 4311 spoponderim.

85 4329 115 4383 cf.
126 4328 201 4384 Ovid.
211 4331 264 4384 Ars
279 4347 333 4386 am.
348 4330 369 4399 I,
384 4335 431 4384 59:
451 4334 521 4399 quot
539 4332 649 4386 caelum
668 4332 778 4399 stellas,
797 4335 841 4386 tot
854 4333 943 4386 habet
961 4335 1011 4386 tua
1025 4332 1115 4385 Roma
1133 4331 1251 4400 puellas.

85 4418 116 4472 cf.
129 4419 202 4472 mim.
213 4419 233 4488 I,
249 4425 291 4486 37,
307 4425 353 4488 ‘163
373 4419 394 4488 I,
408 4425 456 4487 553
475 4420 496 4488 I,
512 4426 559 4487 '11;
577 4420 612 4486 II,
627 4427 674 4488 313
693 4421 752 4488 VH,
765 4426 825 4489 109,
836 4427 886 4475 128
898 4421 933 4474 ul.

985 4509 1019 4560 1*
