2988 5084
246 322 322 374 Mim.
333 321 367 388 Π,
388 327 429 374 79.
726 361 767 370 ..
814 325 856 387 28
903 361 946 369 -

249 503 356 564 minus
379 501 479 565 libere
504 501 683 584 profitetur.
730 501 768 564 cf.
782 501 858 563 161:
890 500 978 565 Leno
1002 523 1062 586 ego
1086 523 1166 564 sum.
1214 501 1291 564 188:
1319 499 1438 563 Leno

247 630 341 690 sum,
373 606 529 690 pernicies
567 607 758 690 communis,
794 607 933 692 fateor,
969 607 1229 671 adulescentium.
1284 605 1437 689 Perapte
1467 615 1468 690 ᾖ

245 713 341 776 huius
364 734 476 777 versus
500 714 698 778 commonuit
723 712 853 777 Orosius
879 713 996 779 Uetere.
1015 736 1045 796 p.
1060 713 1112 776 46.

336 836 419 899 Tum
442 837 528 920 apud
556 837 696 901 comicos
721 858 849 920 quoqne
872 836 984 900 infimo
1008 836 1080 900 loco
1104 837 1172 900 nati
1195 836 1235 900 ad
1258 841 1371 920 patres
1399 842 1436 900 et

246 964 323 1008 avos
346 943 480 1006 ridicule
499 946 689 1026 provocant3
712 943 776 1006 iam
795 940 1028 1025 Aristophanes
1051 943 1114 1006 hoc
1136 943 1309 1006 artificium
1334 943 1434 1006 adhi-

247 1049 343 1112 bebat
380 1045 480 1133 (vesp.
502 1049 601 1130 1396,
634 1049 673 1112 cf.
693 1070 790 1131 supra
807 1071 838 1131 p.
856 1046 903 1133 7),
939 1049 1144 1113 tritissimum
1182 1053 1290 1112 autem
1323 1050 1433 1113 fuisse
1468 1083 1469 1090 ο

245 1156 372 1218 videtur
391 1156 425 1217 in
443 1175 527 1217 nova
547 1154 719 1217 comoedia.
761 1153 845 1217 Vide
863 1152 966 1217 Plaut.
985 1155 1052 1217 mil.
1071 1153 1113 1238 gl.
1133 1154 1208 1236 372,
1230 1154 1287 1218 ubi
1311 1176 1431 1218 servus

247 1261 293 1325 sic
315 1261 472 1343 loquitur:
620 1253 623 1259 ’

643 1367 710 1430 scio
735 1386 861 1430 crucem
883 1366 1026 1430 futuram
1050 1365 1130 1430 mihi
1154 1367 1351 1449 sepulerum:
1469 1375 1470 1414 ἒ

313 1471 364 1536 Ibi
387 1473 450 1536 mei
474 1477 550 1536 sunt
573 1473 709 1536 maiores
733 1473 798 1554 siti,
820 1476 920 1556 pater,
943 1494 1029 1556 avos,
1053 1493 1200 1555 proavos,
1223 1472 1351 1536 abacos.
1469 1469 1470 1472 ’

248 1613 294 1678 Of.
309 1615 422 1679 Pseud.
438 1614 512 1697 560,
533 1613 632 1678 Stich.
647 1615 721 1677 303.

336 1736 399 1802 Sed
426 1739 573 1820 proxime
601 1739 758 1802 accedunt
785 1737 824 1800 ad
853 1737 1001 1800 Herodae
1028 1737 1135 1801 locum
1164 1738 1297 1820 parasiti
1325 1739 1424 1802 verba

246 1843 350 1908 Plaut.
365 1843 451 1908 Pers.
466 1843 522 1908 55:

380 1983 465 2048 Nam
488 2007 665 2067 numquam
689 1986 858 2068 quisquam
881 2007 1026 2049 meorum
1050 1986 1207 2048 maiorum
1231 1985 1302 2068 fuit,

381 2090 466 2166 Quin
489 2091 695 2174 parasitando
718 2093 865 2174 paverint
887 2091 1008 2155 ventris
1032 2112 1115 2156 suos.

380 2197 485 2281 Pater,
508 2219 594 2280 avos,
617 2219 764 2280 proavos,
787 2197 915 2280 abavos‚
938 2201 1059 2279 atavos,
1081 2199 1216 2260 tritavos

381 2303 480 2380 Quasi
503 2325 608 2366 mures
633 2324 758 2385 semper
781 2303 872 2366 edere
896 2303 1036 2366 alienum
1060 2303 1175 2367 cibum.

247 2445 299 2508 Ad
332 2467 450 2508 nomen
480 2445 531 2508 avi
555 2449 587 2508 et
614 2445 715 2528 patris
738 2444 863 2508 Battari
887 2443 1112 2508 illustrandum
1136 2444 1268 2508 adnotat
1292 2443 1419 2508 Orosius

248 2553 459 2635 Σισύμβριον
487 2550 662 2615 meretricis
690 2572 809 2614 nomen
837 2553 875 2613 ex
903 2549 1084 2634 Theophilo
1098 2552 1136 2614 fr.
1154 2551 1204 2633 11,
1218 2549 1249 2614 Π
1263 2574 1293 2634 p.
1308 2552 1418 2615 476Κ.

337 2717 365 2756 v.
383 2694 438 2756 79:
462 2693 538 2778 ἐρᾷς
561 2694 622 2774 μὲν
647 2699 724 2768 ἴσως
746 2693 942 2777 Μυρτάλης·
966 2693 1068 2757 οὐδὲν
1091 2695 1213 2776 δεινόν,

461 2797 525 2880 ἐγὼ
550 2800 587 2862 δὲ
609 2810 739 2883 πυρῶν·
762 2809 864 2862 ταῦτα
888 2801 969 2874 δοὺς
992 2797 1088 2862 ἐκεῖν’
1116 2789 1207 2876 ἔξεις.

462 2905 482 2988 ἦ
505 2905 546 2986 νὴ
570 2901 640 2987 Δῖ,
664 2910 698 2968 εἴ
717 2924 775 2968 σευ
799 2905 964 2968 θάλπειοιί
984 2929 1016 2968 τι
1038 2916 1105 2969 τῶν
1128 2906 1237 2988 ἔνδον,

462 3007 610 3092 ἔμβνσον
633 3011 680 3086 εἰς
702 3011 764 3093 τὴν
787 3020 879 3095 χεῖρα
903 3010 1060 3098 Βαττιέρρι
1083 3014 1191 3094 τιμήν,

461 3117 581 3193 καύτὸς
603 3117 643 3180 τὰ
667 3125 791 3181 σαυτοῦ
815 3121 881 3199 eis
907 3117 1018 3199 λαβὼν
1041 3117 1124 3192 ὅκως
1147 3114 1281 3200 χρῄζεις.

338 3257 419 3322 Cum
438 3259 549 3322 eodem
568 3259 669 3343 igitur
682 3257 824 3341 Thalete,
848 3280 866 3320 a
885 3279 949 3340 quo
968 3263 1091 3322 tantam
1111 3259 1172 3322 sibi
1196 3259 1416 3322 contumeliam

250 3365 436 3448 impositam
455 3385 524 3428 esse
538 3364 628 3426 brevi
642 3368 716 3427 ante
736 3367 930 3447 conquestus
954 3369 1030 3448 erat,
1053 3365 1117 3427 iam
1141 3365 1322 3447 pactionem
1340 3366 1416 3428 inire

248 3472 326 3553 vult,
350 3471 426 3534 dum
450 3469 546 3533 modo
569 3471 709 3554 pretium
734 3471 795 3534 sibi
816 3469 1026 3554 persolvatur.

338 3591 418 3656 Cum
450 3592 556 3656 verbis
584 3592 733 3658 Herodae
765 3617 862 3677 supra
884 3617 915 3677 p.
931 3594 987 3677 23,
1006 3593 1049 3656 24
1081 3593 1280 3658 Philemonis
1312 3617 1414 3659 versus

249 3700 444 3763 contulimus
467 3698 540 3763 hos:
565 3696 616 3784 (fr.
631 3699 661 3783 4,
677 3699 728 3782 11,
742 3697 774 3762 Π
788 3722 818 3782 p.
833 3696 971 3785 479K.):

337 3841 408 3905 οὐκ
431 3835 472 3904 εὖ
497 3850 664 3905 σεαυτοῦ
688 3841 897 3924 τυγχάνεις
919 3839 1029 3925 ἔχων·

338 3937 393 4021 εἷς
417 3946 570 4029 ὀβολός·
594 3948 848 4031 εἰσπήδησον·
872 3948 934 4011 οὐκ
958 3945 1022 4012 ἐστ’
1050 3948 1130 4012 οὐδὲ
1153 3939 1200 4022 εἷς

338 4052 494 4134 ἀκκισμὸς
516 4053 596 4118 οὐδὲ
619 4058 728 4138 λῆρος,
752 4054 832 4118 οὐδὲ
854 4053 1060 4138 ὑφήρπασεν.

338 4157 418 4223 ἀλλ’
445 4160 583 4242 εὐθύς,
607 4161 655 4236 ὡς
677 4161 815 4242 βούλει
839 4163 886 4224 σὺ
910 4160 986 4244 χῶν
1009 4161 1146 4242 βούλει
1170 4163 1322 4244 τρόπον.

249 4301 374 4365 Similia
411 4303 506 4365 etiam
538 4303 573 4365 in
605 4303 745 4385 palliatis
778 4303 988 4385 reperiuntur.
1022 4303 1060 4366 cf.
1084 4301 1187 4366 Plaut.
1212 4300 1412 4387 (Demophil.)

249 4406 337 4471 Asin.
355 4408 431 4470 193:
