2988 5084
85 326 406 395 κεκάκωτο.
582 367 620 376 -
668 328 710 394 35
760 367 798 376 -

183 506 349 590 Ρειρκιιοο
361 529 401 570 ex
410 507 525 570 atticae
536 506 719 571 comoediae
732 506 921 592 fragmentis
932 508 1111 590 comparari
1120 512 1269 595 possunt3

90 614 135 677 ad
150 636 180 678 v.
196 612 254 677 25:

941 719 1017 783 ἵλεω
1060 725 1093 784 εἴ

254 823 309 890 καὶ
333 822 437 889 τοῖσδ’
465 823 483 889 d
508 822 626 888 Πκιὼν
649 821 704 888 καὶ
727 823 841 910 Ecce]
864 829 975 889 καλῶν
997 744 1109 910 ἔὲνωά

94 970 170 1049 apte
194 964 366 1048 adscripsit
389 962 522 1029 Orusius
541 961 717 1047 Antiphan.
735 965 773 1028 fr.
795 963 868 1048 163,
890 963 971 1048 Hp.
993 964 1033 1030 77
1053 965 1107 1030 K.:

300 1089 407 1175 τούτῳ
432 1087 479 1172 dc',
502 1087 630 1171 τέκνον,
654 1089 761 1153 πολλοὶ
783 1087 906 1171 κάγάθ’
934 1089 969 1153 οἱ
988 1087 1065 1154 θεοὶ

300 1201 346 1280 τῷ
367 1194 560 1280 δημιουργῷ
584 1195 686 1278 δοῖεν,
711 1193 746 1270 ὃς
770 1192 906 1276 ἐποίησέ
928 1192 1005 1278 cal)

185 1333 334 1398 Adiciam
365 1335 476 1399 laudes
504 1336 544 1400 ab
573 1335 684 1400 ecdem
718 1336 841 1401 comico
870 1332 922 1422 (fr.
938 1333 1013 1418 209,
1030 1334 1063 1400 Π
1081 1357 1112 1419 p.
1128 1335 1191 1400 102
1214 1333 1269 1422 Κ.)

91 1440 272 1506 Philoxeno
296 1443 412 1523 poetae
435 1441 587 1506 tributas:

256 1566 343 1629 πολύ
367 1563 398 1648 γ’
424 1563 494 1630 ἐστὶ
517 1567 652 1630 πάντων
673 1577 742 1630 τῶν
765 1575 913 1648 ποιητῶν
936 1565 1100 1650 διάφορος

257 1669 274 1734 ὁ
299 1668 480 1748 Φιλόξενος
503 1721 510 1736 .
534 1721 541 1736 .
566 1721 574 1736 .
596 1672 677 1747 θεὸς
700 1670 737 1736 ἐν
760 1669 993 1756 ἀνθρώποισιν
1015 1665 1058 1753 ἦν

255 1774 391 1860 ἐκεῖνος,
415 1777 512 1853 εἰδὼς
535 1779 596 1861 την
619 1777 754 1862 άληθῶς
777 1779 940 1862 μουσικήν
962 1800 991 1842 κ.
1010 1800 1037 1841 τ.
1057 1782 1085 1841 λ.

92 1917 140 1982 Et
162 1918 216 1982 hic
239 1917 324 1981 enim
348 1919 388 1981 ad
411 1918 487 1981 deos
511 1917 643 1982 effantur
666 1918 706 1982 ob
730 1917 809 1982 artis
832 1918 1070 2000 praestantiam.

184 2023 366 2088 Immiscuit
380 2022 561 2106 poetahuic
584 2023 719 2086 carmini
732 2027 770 2087 ut
784 2023 897 2086 ceteris
911 2024 978 2087 fere
993 2024 1142 2088 omnibus
1165 2024 1271 2109 iurgia

93 2133 136 2214 et,
151 2130 297 2194 convicia
324 2151 361 2193 eo
385 2129 521 2192 fortasse
550 2129 698 2212 consilio,
725 2132 763 2192 ut
790 2133 980 2214 argumento
1014 2131 1139 2194 actione
1171 2129 1269 2194 nimis

92 2235 216 2301 carenti
240 2237 314 2319 plus
337 2235 461 2300 inderet
484 2235 667 2298 alacritatis.

611 2568 700 2634 Mim.
720 2569 759 2634 V.

185 2708 237 2774 Ad
261 2711 410 2793 quintum
434 2731 562 2776 carmen
584 2710 667 2775 nihil
688 2710 801 2795 habeo,
828 2712 915 2794 quod
938 2713 972 2775 in
994 2712 1185 2777 universum'
1203 2734 1270 2777 mo-

93 2839 201 2901 neam3
224 2816 302 2881 talia
326 2818 411 2882 enim
434 2821 633 2902 argumenta,
651 2816 746 2900 quale
768 2816 865 2881 huius
889 2821 947 2902 est,
970 2840 989 2882 a
1012 2819 1153 2901 comicis,
1172 2841 1270 2902 quan-

94 2927 165 2988 tum
189 2924 265 3006 scic,
287 2927 425 3024 tractata
446 2945 513 2988 nen
536 2927 620 2989 sunt.
665 2921 815 3008 Agedum
841 2925 968 3009 singula
990 2945 1220 3008 percurramus.

186 3069 214 3110 v.
234 3047 269 3110 2:
305 3057 413 3111 naveta
436 3045 490 3134 (τά
514 3045 627 3133 σκέλη)

94 3187 232 3252 obscena
264 3189 499 3273 significatione
528 3189 655 3271 saepius
683 3188 770 3272 apud
797 3189 937 3254 comicos
964 3194 1151 3272 usurpatur,
1179 3187 1270 3264 velut

93 3295 128 3357 in
152 3291 317 3377 Anisto'ph.
335 3294 410 3358 nub.
432 3294 531 3359 1371:

868 3383 913 3460 ὡς
935 3383 1036 3448 ἐκίνει

332 3487 477 3571 ἀδελφὸς
575 3487 636 3569 την
659 3485 864 3573 ὁμομητρίαν
887 3487 1045 3572 άὸελφην.

183 3651 212 3692 v.
227 3627 261 3691 5:
285 3628 468 3712 προφάσεις
491 3637 601 3693 πᾶσαν
624 3627 750 3713 ἡμέρην
773 3627 880 3706 ἕλκεις
906 3645 907 3648 ’

94 3768 134 3834 cf.
153 3766 318 3853 Aristoph.
337 3768 411 3853 Lys.
434 3769 511 3834 726:

397 3893 504 3969 πάσας
526 3892 712 3978 προφάσεις
811 3891 977 3976 ἕλκουσιν,

94 4034 152 4098 ubi
174 4038 211 4097 ut
233 4034 319 4117 apud
342 4033 505 4098 Herodem
528 4033 567 4098 de
590 4033 778 4098 mulieribus
801 4034 926 4098 dicitur.

183 4181 213 4222 v.
233 4160 266 4222 7:
289 4156 344 4222 καὶ
368 4159 412 4242 μη
435 4161 472 4223 τό
495 4182 558 4243 μεν
582 4149 661 4243 αἷμά
684 4158 788 4222 νύκτα
810 4155 957 4242 κημέρην
979 4169 1054 4222 πῖνε

185 4422 211 4489 1)
230 4419 265 4473 ef.
280 4419 361 4489 Prop.
377 4425 402 4487 4,
418 4427 442 4489 κ,
458 4426 500 4474 61.

1001 4479 1066 4558 as
