2988 5084
254 361 333 420 Mim.
346 361 367 429 Ι,
388 368 429 427 15,
450 367 530 428 21sq.
736 402 780 410 .-
828 365 869 427 10
914 401 958 411 -

343 539 555 625 Praecipuum
584 545 691 605 autem
719 541 835 605 vitium
863 561 900 605 ac
923 541 1061 605 maxime
1088 541 1233 603 lanarum
1261 539 1439 622 proprium

253 646 318 729 illa,
332 669 414 730 quae
424 647 458 711 in
468 645 577 711 Plauti
588 645 767 711 Cistellaria
781 648 898 731 prodit,
913 647 984 730 ipsa
997 647 1097 710 libere
1112 646 1233 710 indicat
1242 667 1270 708 v.
1284 643 1362 740 120:
1484 635 1486 696 l

265 801 270 815 ·
297 787 386 852 Idem
409 789 522 853 mihist
545 788 632 872 quod
654 811 789 874 magnae
813 789 898 873 parti
921 789 1037 852 vitium
1060 788 1231 850 mulierum
1484 809 1486 902 χ

298 894 386 970 Quae
409 893 496 958 hunc
519 900 688 978 quaestum
711 895 860 959 facimus:
885 916 966 977 quae
989 895 1046 958 ubi
1070 894 1253 958 saburratae
1277 915 1390 956 sumus
1484 903 1486 992 χ

296 1000 510 1085 Largiloquae
534 1002 697 1084 extemplo
722 1023 842 1084 sumus,
864 1001 938 1084 plus
961 1002 1126 1083 loquimur
1145 1021 1241 1082 quam
1265 1004 1314 1063 sat
1338 1003 1399 1064 est.
1484 1011 1486 1070 l

340 1161 500 1224 Lanarum
549 1161 686 1224 orationi
732 1162 856 1244 puellas
902 1161 1096 1224 tentantium
1141 1159 1250 1224 tribuo
1291 1157 1433 1223 Philam.
1482 1223 1483 1228 ,

249 1263 398 1331 Pancrat.
417 1265 470 1348 53,
488 1264 520 1330 H
539 1290 570 1349 p.
584 1265 700 1330 491K:

411 1409 536 1472 καύτόν
558 1431 590 1472 τι
613 1409 782 1492 πράττειν·
806 1408 846 1471 οὐ
870 1410 975 1490 μόνον
997 1409 1055 1483 τὰς
1078 1405 1213 1482 ἐλπίδας

410 1512 464 1578 ἐπὶ
487 1523 526 1599 τῇ
549 1515 632 1604 τύχχ
656 1517 727 1598 χρή,
751 1515 929 1597 παιδίον,
952 1515 1083 1606 πάντας
1106 1511 1195 1596 ἔχειν

410 1615 459 1684 ὧν
481 1621 639 1703 βούλεταί
659 1643 718 1703 τις,
742 1619 826 1684 ἀλλὰ
848 1619 973 1685 καύτὸν
995 1630 1033 1706 τῇ
1057 1621 1139 1706 τύχῃ

410 1727 719 1810 συλλαμβάνεσθαι·
745 1727 828 1812 ῥᾷον
850 1727 870 1809 ἡ
894 1727 975 1810 τύχη
999 1737 1104 1808 πονεῖ,

410 1831 469 1897 ἐὰν
491 1831 567 1916 μεθ’
597 1830 711 1916 ἑτέρου
734 1842 844 1915 τοῦτο,
867 1834 911 1916 μὴ
935 1835 1029 1916 μόνη,
1052 1843 1139 1918 ποιῇ.
1485 1847 1486 1908 t

248 1994 410 2076 Loquitur
450 1993 506 2058 hic
542 1993 744 2057 conciliatrix
781 1994 834 2057 vel
869 1994 979 2057 nutrix
1016 1993 1138 2076 aliqua3
1180 1990 1298 2057 τέκνον
1338 1993 1427 2056 enim
1485 1941 1486 2024 i

249 2099 414 2162 sollemnis
441 2099 508 2163 fere
535 2099 738 2162 alumnarum
771 2121 790 2162 a
815 2099 995 2164 nutricibus
1023 2095 1239 2183 appellatio.1)
1294 2097 1427 2182 Optime

249 2208 356 2268 autem
379 2204 579 2269 Philemonis
602 2205 700 2268 verba
722 2205 960 2269 adorationem
979 2205 1114 2269 nutricis
1133 2209 1209 2288 apta
1228 2209 1303 2268 sunt
1324 2206 1426 2268 alum-

247 2332 322 2375 nam
346 2311 557 2394 adhortantis,
578 2333 619 2374 ne
641 2310 738 2375 nimis
761 2312 912 2376 adversus
935 2311 1154 2375 adulescentes
1177 2310 1292 2374 timida
1314 2311 1364 2374 sit.

338 2416 401 2481 Sed
423 2418 589 2481 redeamus
613 2417 653 2480 ad
676 2418 783 2500 ipsum
802 2416 974 2482 Herodem.
1022 2415 1126 2500 Gyllis
1149 2417 1294 2481 vicorum
1317 2416 1423 2480 lutum
1485 2421 1486 2490 ί

248 2527 280 2586 et
303 2525 483 2605 squalorem
509 2528 671 2587 exsecrata
696 2527 892 2588 senectutem
917 2524 1125 2606 conqueritur
1142 2546 1171 2587 v.
1194 2520 1248 2586 15:

452 2663 516 2748 ἐγὼ
541 2666 578 2730 δὲ
602 2667 727 2750 δραίνοι
750 2663 819 2747 μυί
848 2666 942 2730 ὅσον·
966 2667 1003 2729 τὸ
1027 2667 1091 2751 γὰρ
1115 2674 1218 2750 γῆρας

451 2771 552 2854 ἡμέας
574 2772 730 2836 sedilum
754 2773 794 2855 χή
818 2773 894 2855 σκιὴ
917 2771 1129 2856 παρέστηκεν.

248 2929 345 2994 Senes
382 2935 489 2994 autem
522 2930 704 2994 molestiam
743 2931 917 2994 senectutis
953 2930 1166 2994 lamentantes
1199 2952 1295 3013 quam
1328 2953 1421 3015 saepe

245 3032 363 3101 'comici
377 3036 571 3119 induxerint,
595 3035 700 3100 adhuc
723 3039 896 3120 comparet.
933 3035 974 3101 cf.
988 3033 1097 3100 Crates
1112 3028 1149 3100 fr'.
1166 3037 1218 3118 39,
1231 3035 1247 3100 Ι
1261 3060 1291 3121 p.
1309 3038 1419 3101 142K:

407 3177 424 3243 ὁ
449 3178 512 3263 γὰρ
535 3181 653 3263 χρόνος
675 3177 707 3259 μ’
727 3175 861 3261 ἔκαμψε,
884 3176 1008 3242 τέκτων
1030 3179 1092 3262 μὲν
1115 3181 1229 3263 σοφός,

407 3285 535 3347 ἅπαντα
560 3282 590 3347 δ’
618 3282 833 3368 ἐργαζόμενος
856 3283 1121 3369 ἀσθενέστεροι.”)

247 3442 340 3518 Quod
373 3442 535 3506 distichon
568 3441 688 3507 Crateti
721 3444 834 3528 cynico
865 3443 953 3507 dedit
980 3442 1096 3507 Nauck
1118 3448 1157 3507 tr.
1173 3465 1219 3529 gr.
1234 3442 1330 3528 frlp.
1346 3445 1416 3510 810.
1483 3515 1484 3530 χ

245 3547 338 3611 Adde
355 3547 479 3631 Diphil.
495 3547 593 3632 83,11
612 3573 642 3634 p.
658 3549 773 3614 569K:

404 3691 520 3766 πολιὸς
543 3693 691 3774 τεχνίτης
714 3689 809 3755 ἐστίν
829 3691 847 3756 ὁ
871 3694 999 3776 χρόνος,
1023 3687 1048 3754 ό)
1072 3690 1157 3769 ξένε·

405 3798 511 3881 χαίρει
534 3798 768 3880 μεταιτίόττων
790 3798 915 3872 πάντας
937 3795 991 3861 ἐντί
1014 3799 1054 3861 τὰ
1077 3799 1219 3882 χείρονα.

245 3955 383 4021 Philem.
398 3955 470 4038 125,
484 3955 516 4020 Π
534 3979 564 4040 p.
579 3955 694 4020 518K:

407 4098 512 4182 Σύρα,
537 4098 646 4182 Σύρα.
670 4097 712 4162 B:
735 4101 769 4162 τί
789 4097 873 4183 ἕσας
896 4097 941 4161 A:
965 4109 1034 4174 πῶς
1056 4099 1136 4181 ἡμῖν
1158 4101 1254 4182 ἕχεις;

336 4293 362 4359 1)
381 4289 416 4342 ci.
431 4288 527 4357 Eurip.
542 4289 657 4359 Hippol.
673 4295 732 4344 203.
749 4295 808 4343 22³.
824 4295 884 4343 297.
926 4287 1045 4346 παιδίον
1068 4291 1222 4345 secuudum
1244 4291 1329 4346 Arist.
1352 4292 1410 4359 Bya.

246 4377 425 4446 appellantur
443 4377 537 4445 quoad
556 4393 573 4431 a
591 4379 701 4432 nutrice
720 4379 842 4432 aluntur.

334 4469 361 4536 2)
381 4466 415 4522 cf.
432 4465 530 4536 Sophr.
544 4465 579 4524 fr.
593 4473 627 4522 54
646 4467 755 4521 Kaibel.
