2988 5084
85 331 233 400 mmm,
248 337 273 399 e,
289 309 331 400 ee,
346 337 388 386 44.
568 372 612 380 -
657 334 700 399 45
746 373 790 381 -

175 535 204 576 v.
223 511 279 575 36:
450 512 490 576 οὐ
518 512 581 596 γὰρ
610 511 693 576 ἀλλὰ
720 505 867 596 μέζόνων
894 512 957 595 ἤδη

310 668 361 682 ...
380 615 526 703 κερδέων
549 617 749 702 ὀριγνῶνται

311 774 362 788 ...
381 725 421 788 τὰ
444 726 525 808 ἔργα
546 733 603 806 τῆς
625 722 741 808 τέχνης
763 725 871 807 ἡμῶν,

85 847 166 913 haee
184 848 251 913 fere
269 848 366 912 verba
385 848 510 933 integra
529 851 664 912 exstant.
702 845 783 911 Cum
796 846 848 910 his
867 847 1021 931 conferas,
1040 869 1121 930 quae
1140 869 1262 931 coquus

86 955 247 1041 gloriosus
271 955 356 1038 apud
380 953 581 1036 sosipatrum
604 953 750 1036 loquitur
772 951 824 1038 (lr.
845 954 874 1036 l,
891 951 940 1018 ΙΙΙ
959 976 989 1040 p.
1008 953 1074 1018 314
1088 951 1146 1036 K):

79 1095 82 1101 ¹
248 1061 288 1126 οὐ
312 1065 480 1135 παντελῶς
503 1059 790 1144 εὐκαταφρόνητος
812 1058 832 1142 ἡ
856 1057 985 1144 τέχνη,

247 1166 289 1232 dv
311 1169 525 1251 κατανοήσῃς,
549 1163 639 1230 ἐστὶν
662 1164 784 1248 ἡμῶν,
808 1165 959 1248 Δημύλε·

514 1321 565 1335 ...
584 1269 638 1335 καὶ
662 1271 782 1346 πάντες
804 1273 925 1354 σχεδὸν

248 1374 332 1443 εἶναι
355 1379 510 1462 μάγειροί
530 1393 644 1461 φασιν,
668 1373 769 1441 οὐδὲν
792 1378 924 1454 εἰδότες.

246 1483 313 1549 ὑπὸ
336 1496 404 1548 τῶν
426 1485 588 1548 τοιούτων
612 1481 641 1547 ‹l’
664 1482 684 1566 ἡ
707 1482 804 1566 τέχνη
829 1485 1030 1568 λυμαίνεται.

247 1587 317 1655 ἐπεὶ
340 1591 500 1673 μάγειρον
523 1588 566 1654 ἂν
588 1590 691 1674 λάβῃς
714 1589 889 1673 ἀληθινόν,
1112 1580 1115 1584 ’

506 1694 691 1780 ...ἕτερόν
710 1712 764 1760 σοι
786 1697 889 1779 τυχὸν

247 1804 429 1886 φανήσεται
450 1803 488 1867 τὸ
511 1811 653 1886 πρᾶγμα.

84 1925 133 1992 Ut
159 1927 220 1990 iste
248 1947 370 2009 coquus
397 1927 432 1989 in
459 1947 514 1990 eos
546 1925 722 2010 invehitur,
750 1926 807 2008 qui
834 1929 936 1990 artem
964 1947 1055 1990 suam
1082 1926 1262 1991 simulando

85 2029 206 2119 (φασὶν
229 2031 331 2096 οὐδὲν
354 2029 492 2116 εἰδότες)
522 2032 697 2115 depravent
719 2036 816 2114 etque
844 2033 1068 2116 detorqueant,
1096 2033 1142 2096 sio
1165 2034 1262 2097 etiam

1 2193 2 2204 ,
86 2135 265 2202 Cerdonem
310 2137 424 2202 fecisse
469 2136 542 2202 loeo
589 2141 739 2221 eorrupto
785 2139 853 2202 veri
899 2138 1003 2202 simile
1044 2141 1101 2202 est.
1169 2136 1263 2213 Quod

1 2237 2 2270 ³
86 2242 115 2307 si
152 2243 289 2326 deesset,
326 2242 520 2307 desiderares
552 2243 660 2308 neseio
698 2243 776 2326 quid
812 2243 848 2307 in
884 2245 1002 2308 sutoris
1035 2243 1262 2330 descriptione3

1 2389 2 2443 ρ
85 2349 297 2430 quamobrem
310 2370 421 2414 versus
435 2353 603 2432 corruptos
617 2349 681 2413 iam
696 2349 873 2414 Buecheler
887 2351 934 2414 sie
952 2354 1001 2415 est
1019 2349 1262 2434 interpretatus:

1 2461 2 2486 ¹
85 2455 253 2520 ‘maiorem
285 2454 350 2519 iam
386 2454 561 2539 [plerique]
594 2459 763 2538 quaestum
795 2455 952 2539 adpetunt
987 2457 1075 2540 [oum
1112 2478 1178 2520 non
1210 2458 1263 2521 ad·

86 2561 238 2645 aequent]
263 2561 398 2626 artifieio
420 2561 551 2626 nostra'.
559 2558 584 2647 1)
607 2559 775 2644 of.Sosip.:
797 2560 818 2643 ἡ
837 2560 933 2645 τέχνη
953 2560 1047 2646 ἡμῶν
1065 2567 1097 2627 et
1115 2561 1191 2626 Her.
1206 2563 1262 2628 38:
1366 2597 1369 2602 ·

1 2743 2 2748 γ
84 2676 145 2750 τῆς
175 2665 290 2750 τέχνης
321 2666 423 2751 ἡμῶν.
470 2665 587 2750 Sosip.:
624 2668 784 2752 μάγειρον
820 2666 863 2732 ἂν
899 2668 1002 2754 λάβης
1033 2668 1199 2752 ἀληθινόν
1231 2674 1263 2733 et

86 2771 162 2836 Her.
183 2773 239 2837 70:
263 2771 420 2856 σκυτέων,
443 2774 553 2857 γύναι,
575 2769 723 2856 τώληθές
746 2771 789 2856 ἣν
810 2771 913 2858 θέλης
940 2775 1048 2858 έργον.

176 2901 204 2942 v.
224 2878 268 2942 44
282 2900 328 2962 sq.
351 2877 401 2942 De
419 2900 495 2943 vera
512 2878 609 2942 huius
627 2878 692 2943 looi
709 2879 848 2943 lectione
866 2900 933 2943 non
951 2883 1090 2964 constat3
1109 2879 1144 2944 in
1162 2880 1262 2944 altera

85 2986 264 3049 sententiae
282 2989 374 3068 parte
393 2985 432 3049 de
449 2985 557 3068 pueris
576 2985 629 3070 agi
648 3006 708 3071 ego
727 2985 838 3050 malim
852 2989 966 3070 putare
980 3008 1077 3070 quam
1092 2986 1131 3050 de
1150 2986 1262 3071 servis3

1 3143 2 3180 3
84 3112 161 3154 nam
181 3095 213 3155 et
230 3091 328 3155 verba
347 3089 420 3175 φέρ’
444 3093 472 3156 ελ
492 3089 605 3175 φέρεις
622 3115 655 3155 τι
673 3095 705 3156 et
723 3092 780 3154 illa
802 3114 884 3175 quae
904 3092 1049 3174 sequitur
1066 3113 1140 3156 oum
1163 3092 1261 3176 pullis

84 3199 285 3280 comparatio
309 3197 424 3262 melius
447 3197 488 3261 ad
511 3197 585 3262 illos
609 3195 785 3284 quadrat.⁹¹)
827 3198 866 3262 of.
885 3196 1051 3282 Aristoph.
1069 3197 1143 3282 Lys.
1161 3198 1260 3262 1203:

407 3322 437 3384 ελ
460 3319 501 3384 δέ
519 3344 565 3408 τῳ
589 3322 633 3406 μὴ
656 3331 747 3396 σῖτος
769 3321 864 3405 ὑμῶν

407 3429 490 3510 ἔστι,
514 3429 627 3509 βόσκει
651 3425 680 3491 δ’
708 3426 836 3503 οἰκέτας
858 3426 913 3492 καὶ

406 3534 528 3619 σμικρὰ
552 3535 659 3598 πολλὰ
681 3534 811 3618 παιδία,

1 3579 2 3594 i
84 3618 125 3682 of.
145 3618 272 3694 Thesm.
291 3619 366 3684 447.

1 3811 2 3830 ¹
178 3813 203 3880 1)
221 3809 286 3864 Nisi
308 3811 428 3880 primam
451 3828 548 3866 versus
571 3812 684 3867 literam
701 3815 737 3866 M
757 3815 786 3867 et
808 3812 963 3867 Buecheler
990 3814 1020 3867 et
1042 3811 1155 3866 drusius
1183 3813 1260 3867 exhi-

84 3899 193 3967 berent,
213 3898 344 3966 equidem
362 3915 547 3968 proponerem
566 3897 734 3972 λωβεύμευολ
747 3920 775 3954 τι
788 3901 823 3954 τὰ
838 3901 905 3970 ἔργα
918 3907 967 3968 τῆς
984 3900 1083 3971 τέχνης
1100 3900 1178 3970 ἡμῶν
1197 3899 1260 3955 eoll.

87 3985 176 4054 Sosip.
196 3987 287 4040 verbis
306 3986 325 4056 ἡ
343 3985 425 4058 τέχνη
444 3985 608 4058 λυμαίνεται
631 3989 676 4058 (of.
691 3990 834 4058 Aristoph.
848 4006 908 4043 ran.
924 3993 958 4042 9³
977 3989 1098 4060 λωβηταὶ
1115 3988 1214 4059 τέχνης
1232 3992 1261 4044 et

85 4073 188 4128 Herod.
203 4075 236 4128 fr.
253 4078 314 4145 14).
390 4068 392 4072 Α

176 4166 202 4232 2)
222 4163 256 4216 of.
275 4163 406 4232 Aeschyl.
422 4163 545 4234 Choeph.
561 4170 621 4234 254,
636 4171 689 4220 494
707 4166 772 4220 Eur.
787 4166 847 4220 Ale.
862 4171 915 4220 414
934 4169 963 4221 et
986 4166 1112 4236 saepius3
1135 4165 1259 4236 Epicrat.

84 4251 119 4303 fr.
129 4257 153 4318 ὃ,
163 4251 274 4321 15‚11p.
284 4251 388 4306 283K.:
408 4251 490 4308 ὁπότ’
506 4247 544 4322 ἦν
557 4255 668 4318 νεοττὸς
681 4255 730 4309 καλ
744 4253 808 4323 νέας
826 4255 1004 4309 Herodianus
1018 4255 1144 4309 Boisson.
1154 4255 1259 4310 Aneod.

84 4337 132 4406 III,
147 4344 211 4393 κοῖς
231 4339 348 4395 νοσσιὰν
366 4339 480 4409 τέκνων,
500 4359 573 4410 quae
587 4344 693 4398 comico
707 4343 840 4412 Kookius,
858 4343 1004 4398 Nauokius
1022 4343 1131 4414 tragico
1150 4343 1259 4397 tribuit.

84 4425 120 4480 of.
134 4426 258 4482 Iuvenal.
274 4435 299 4497 ὅ,
315 4434 373 4483 142.
