2988 5084
718 332 989 394 ..6...

227 507 300 574 Ηοο
323 513 431 573 autem
450 511 521 592 ipso
537 509 674 573 artificio
694 509 779 572 idem
794 508 849 573 ille
863 514 976 592 postea
990 512 1152 574 aemulum
1167 532 1261 574 suum
1277 510 1413 592 decipit.

231 615 372 700 Legatos
409 616 495 679 enim
532 637 605 680 cum
643 621 776 700 argento
818 617 1114 700 appropinquantes
1151 639 1184 681 se
1221 617 1414 698 conspicere

229 721 384 786 simulans
421 721 602 785 adversario
645 722 773 804 stupido
811 726 844 786 et
881 723 1152 806 circumspicienti
1192 724 1412 805 lepusculum,

228 849 325 910 quem
344 827 447 891 Demo
466 829 521 891 ille
540 829 764 911 propositurus
789 833 846 911 est,
870 830 1010 912 surripit.
1057 828 1150 906 Quod
1173 829 1254 892 mihi
1274 828 1410 910 quidem

226 933 349 998 mimici
372 935 475 1018 magis
499 955 596 1016 quam
624 935 739 999 comici
762 935 890 998 videtur
917 957 985 999 θιιθ
1009 934 1243 1020 characteris.¹)
1289 932 1410 1017 ltaque

227 1041 314 1123 quod
336 1039 484 1104 Herodae
503 1040 567 1104 loci
585 1041 734 1104 nonnulli
753 1061 826 1105 cum
846 1041 1011 1105 comoedia
1030 1043 1233 1124 conveniunt,
1256 1041 1330 1104 inde
1356 1061 1410 1104 ca-

226 1145 364 1209 rendum
393 1150 442 1210 est
471 1147 580 1210 statim
609 1147 799 1232 colligemus
830 1148 969 1212 comicos
997 1148 1101 1213 adisse
1123 1146 1300 1229 Herodem,
1327 1167 1409 1209 nam

225 1274 328 1335 neque
353 1250 515 1338 comicis²)
544 1274 648 1336 neque
672 1253 932 1316 mimiamborum
959 1254 1108 1336 scriptori
1131 1255 1244 1338 ignota
1266 1253 1329 1316 fuit
1353 1274 1408 1316 ars

225 1359 362 1423 mimica.
408 1357 453 1422 At
472 1381 602 1443 prorsus
630 1361 810 1444 neglexisse
836 1360 924 1424 hunc
950 1361 1081 1424 illorum
1109 1359 1235 1423 fabulas
1263 1380 1322 1423 nec
1346 1380 1408 1441 per

201 1486 258 1547 ,se
283 1466 388 1547 ipsum
407 1465 580 1529 verisimile
600 1469 726 1530 estnec
745 1485 805 1550 ego
824 1471 861 1530 ut
880 1467 1007 1530 credam
1021 1489 1040 1530 a
1054 1488 1105 1529 me
1124 1467 1271 1549 impetro.
1310 1463 1407 1528 Oerte

225 1576 257 1634 et
280 1571 391 1635 eadem
410 1572 459 1635 illi
483 1593 522 1634 ex
545 1576 635 1656 parte
659 1577 849 1657 argumenta
867 1576 963 1656 atque
982 1573 1051 1656 ipse
1069 1571 1251 1637 tractabant
1270 1575 1302 1635 et
1321 1592 1406 1653 quae

223 1677 353 1741 rudiora
366 1678 503 1742 fortasse
518 1699 558 1741 ex
572 1679 744 1742 mimorum
763 1678 895 1743 ludicris
910 1682 1106 1761 acceperant,
1129 1701 1166 1742 ea
1188 1679 1349 1761 perpolita
1364 1678 1406 1741 ad

225 1806 383 1848 summam
407 1786 485 1849 artis
509 1785 710 1849 adducebant
732 1785 977 1850 absolutionem.

313 1891 422 1955 Primo
458 1897 565 1956 autem
588 1892 715 1980 ,obtutu
752 1897 886 1975 apparet
922 1913 1069 1956 scaenam
1102 1893 1168 1956 suis
1206 1891 1403 1956 carminibus

224 1996 383 2060 addidisse
411 1996 590 2081 Herodem,
618 1999 746 2062 utiam
775 2003 868 2062 antea
898 1997 1047 2081 Sophron
1077 1995 1237 2084 fecerat.⁸)
1292 1995 1403 2080 Atque
1485 2011 1486 2016 ’

224 2103 321 2166 etiam
350 2125 529 2168 sermonem
557 2103 655 2169 talem
683 2104 830 2168 exhibuit
862 2109 1016 2188 tanquam
1044 2106 1078 2169 in
1106 2127 1220 2170 scaena
1246 2125 1297 2168 res
1329 2125 1403 2188 age·
1485 2091 1486 2136 λ

224 2214 345 2292 rentur,
368 2211 457 2274 velut
471 2211 512 2274 ad
526 2232 577 2274 res
592 2211 856 2274 demonstrandas
877 2212 946 2274 solo
961 2211 1150 2294 pronomine
1165 2212 1268 2274 utitur
1282 2211 1403 2292 pariter
1485 2199 1486 2236 λ

224 2337 261 2380 ac
280 2317 418 2380 scaenici
437 2315 592 2403 poenes)
630 2315 721 2380 Adde
744 2318 807 2381 alia
831 2338 959 2400 quoque
987 2318 1142 2380 sermonis
1170 2317 1307 2381 scaenici
1330 2338 1402 2399 pro-

223 2423 305 2504 pria,
338 2423 427 2486 velut
454 2424 541 2486 mim.
560 2419 633 2506 Vll,
652 2422 709 2486 51:
737 2422 851 2507 ἕτερον
878 2425 1017 2509 χᾶτερον
1043 2422 1117 2507 μάλ’
1150 2420 1312 2505 ἐξοίσει,
1344 2423 1401 2486 ubi

224 2527 458 2592 observandum
482 2534 531 2593 est
553 2530 652 2593 verbo
676 2527 861 2614 ἐκφέρειν
884 2530 1046 2595 scaenicos
1070 2530 1172 2593 solere
1195 2529 1253 2612 uti,
1276 2529 1400 2612 siquid
1484 2609 1485 2612 Ἴ

222 2637 257 2698 in
280 2657 427 2699 scaenam
450 2637 587 2719 proferri
610 2633 798 2722 iubeaturl)

312 2741 386 2806 Huc
407 2744 548 2824 pertinet
561 2743 658 2806 etiam
673 2743 760 2806 mim.
775 2741 833 2825 ΙΙΙ,
853 2744 904 2824 70,
919 2743 975 2806 ubi
994 2743 1148 2826 magister
1166 2742 1228 2806 sibi
1247 2743 1398 2806 scuticam

223 2846 330 2910 afferri
351 2847 403 2910 his
424 2848 514 2911 iubet
535 2846 653 2910 verbis:
678 2849 776 2910 δότω
795 2870 853 2922 τις
872 2848 919 2922 εἰς
936 2849 997 2928 τὴν
1011 2856 1111 2930 χεῖρα.
1144 2847 1266 2910 Eadem
1292 2852 1397 2911 autem

314 3025 339 3090 1)
358 3020 458 3088 Neque
472 3020 591 3075 fortasse
606 3020 684 3074 casui
699 3023 742 3073 est
756 3019 945 3086 tribuendum,
965 3020 1040 3088 quod
1054 3020 1084 3073 in
1094 3020 1192 3074 eadem
1202 3020 1397 3089 Aristophanis

224 3109 324 3162 fabula
342 3110 387 3163 bis
402 3109 547 3164 mimicum
559 3112 593 3162 ut
606 3110 649 3163 ita
668 3109 762 3163 dicam
780 3109 895 3162 verbum
914 3117 1069 3178 μακιοᾶν
1088 3110 1209 3163 occurrit
1227 3109 1273 3178 (of.
1288 3126 1349 3177 equ.
1365 3115 1396 3162 62
1483 3139 1484 3154 ι

223 3200 253 3250 et
267 3201 339 3266 395),
359 3198 393 3251 cf.
410 3197 553 3252 Dieterich
573 3199 730 3252 Ριιλολνιελλα
747 3216 774 3266 p.
791 3203 833 3250 87.

315 3289 342 3356 2)
362 3285 491 3339 Ceterum
510 3285 641 3354 magoedi
655 3285 700 3339 illi
714 3285 835 3338 invicem
855 3285 962 3339 comica
980 3288 1147 3355 argumenta
1166 3285 1203 3337 ad
1220 3285 1330 3339 ludicra
1349 3301 1396 3338 sua
1483 3273 1484 3292 ¹

224 3375 378 3428 adscivisse
396 3375 426 3427 in
445 3389 583 3441 usumque
602 3390 683 3426 suum
702 3373 871 3427 convertisse
890 3373 1048 3427 traduntur.
1078 3372 1219 3426 of.Atheu.
1230 3373 1294 3426 XIV
1305 3379 1353 3426 621
1365 3373 1394 3426 G:

223 3463 356 3528 πολλάκις
379 3464 410 3518 δὲ
435 3462 462 3517 ολ
486 3463 612 3536 μαγῳδοὶ
640 3462 690 3516 κοιλ
718 3461 842 3531 κωμικὰς
869 3461 1019 3525 ὑποθέσεις
1046 3459 1178 3533 λαβόντες
1204 3458 1395 3530 ὑπεκρίθησαν

223 3552 296 3606 κατὰ
314 3552 366 3621 τὴν
385 3550 464 3606 colae
483 3550 598 3620 ἀγωγὴν
617 3551 666 3606 καλ
686 3550 825 3606 διάθεσιν.
864 3550 938 3604 Hinc
957 3552 1076 3620 apparet
1094 3551 1293 3604 necessitatem
1312 3565 1394 3617 quan-

226 3642 291 3694 dam
309 3641 355 3694 his
374 3640 449 3694 ludis
469 3655 529 3693 esse
549 3656 612 3692 cum
632 3639 777 3693 comoedia
796 3640 853 3692 iam
872 3642 981 3693 veteres
1000 3638 1113 3692 vidisse.

314 3733 340 3798 3)
359 3727 447 3782 Primi
472 3728 587 3796 quidem
609 3726 767 3782 mimiambi
795 3743 897 3781 scaena
919 3743 1052 3796 magnam
1070 3726 1157 3782 habet
1176 3744 1240 3780 cum
1258 3727 1393 3781 Theocriti

225 3818 306 3887 idyll.
321 3817 373 3872 XV
388 3817 615 3872 similitudinem:

316 3909 448 3960 ΓΟΡΙῺ.
474 3902 576 3960 ’Ἑνὸοι
594 3902 755 3974 Πραξινόας
775 3907 833 3960 ΠΡ.
854 3908 959 3973 Γοργοῖ
977 3902 1053 3973 φίλα,
1073 3905 1110 3968 ὡς
1127 3901 1226 3976 χρόνῳ.
1256 3903 1339 3958 dedas.

475 3991 562 4063 θαῦμ’
585 3991 626 4047 ὅτι
645 3993 694 4047 καλ
713 4002 766 4047 νῦν
784 3987 873 4061 dodae
891 3991 937 4061 (of.
952 3991 1017 4047 Her.
1032 3992 1108 4045 mim.
1123 3991 1144 4059 I,
1160 3998 1192 4046 13
1208 3995 1268 4061 sq).

224 4083 370 4137 Eiusmodi
406 4082 640 4136 similitudinibus
677 4097 823 4135 commune
860 4082 1006 4149 utriusque
1043 4081 1185 4150 exemplar
1221 4081 1391 4148 aliquatenus

225 4189 369 4242 agnoscas.

315 4265 341 4330 4)
361 4260 396 4314 cf.
411 4259 475 4314 Her.
490 4260 566 4313 mim.
581 4259 629 4325 111,
645 4264 673 4313 3:
692 4267 792 4313 τοῦτον
811 4253 872 4312 κατ’
889 4257 965 4327 ὦμον
980 4262 1084 4326 detque,
1103 4257 1390 4326 mim.111‚cr,ta,al.;

224 4349 367 4418 Aristoph.
383 4366 445 4417 equ.
461 4353 522 4414 490,
537 4353 597 4415 499,
617 4363 661 4401 av.
678 4352 755 4415 1018,
770 4348 806 4401 al.

315 4442 342 4507 ὅ)
361 4437 502 4507 Aristoph.
518 4454 581 4504 equ.
598 4442 659 4505 997,
678 4441 738 4503 998,
760 4441 836 4503 1164,
852 4436 887 4490 al.
