2988 5084
85 322 161 375 mim.
172 321 206 390 ΙΙ,
227 329 269 389 11,
285 327 365 389 l6sq.
572 361 615 369 -
661 324 703 387 23
753 362 790 371 -

86 501 138 566 Ad
166 503 307 566 eiusdem
336 501 505 565 Menandn'
533 503 683 566 Πλόκιον
712 501 795 564 redit
823 501 876 565 hie
903 523 1013 564 versus
1038 499 1156 570 aneili
1180 499 1263 565 Stati

88 609 150 671 177
166 606 232 671 R.⁸:

269 730 368 795 Vives
392 735 429 795 ui
453 733 565 814 possis,
590 731 717 814 quando
740 753 800 796 neo
824 732 896 814 quie
919 735 956 794 ut
979 732 1067 794 velie.

176 897 205 937 v.
223 875 276 936 11:
790 872 853 950 πὺξ
878 875 1050 956 νενίκηκεν

292 978 438 1062 Μέννης,
456 977 660 1062 Ἀριστοφῶν
683 979 720 1042 δὲ
743 976 872 1064 κῆτι(ῗ)
896 988 961 1044 νῦν
984 981 1085 1062 ἄγχει.

91 1122 216 1206 Pugnis
258 1121 381 1185 scilieet
420 1121 534 1184 vicisse
570 1119 703 1206 Menmes
740 1121 871 1204 dieitur,
908 1122 983 1203 quie
1024 1121 1153 1204 Thales,
1195 1122 1263 1184 eius

87 1230 200 1312 eliens,
233 1229 351 1312 pugnis
384 1227 552 1292 Betterum
581 1227 746 1292 eeoideret.
800 1227 854 1292 Sie
886 1228 1001 1292 oomioi
1034 1228 1068 1290 in
1100 1226 1198 1290 simili
1230 1249 1264 1290 re

87 1335 265 1419 palaestrae
289 1335 476 1398 memoriam
499 1355 648 1398 revooere
673 1335 786 1416 soleni,
809 1339 846 1398 ui
869 1332 967 1398 Arist.
981 1355 1068 1417 vesp.
1085 1333 1184 1416 1383,
1208 1333 1265 1396 ubi

86 1440 255 1505 Philocleo
278 1441 347 1504 filio
371 1441 525 1503 minetur:

288 1562 478 1649 Ἐφουδίων
501 1561 670 1647 ἐμαχέσατ’
692 1561 858 1648 Ἀσκώνδᾳ
882 1569 989 1639 καλῶς

292 1672 355 1753 ἤδη
379 1669 487 1754 γέρων
511 1671 569 1734 ὥν·
595 1665 665 1734 εἷτα
688 1679 726 1755 τῇ
750 1680 861 1755 πυγμῇ
885 1671 998 1734 θενών

297 1776 314 1841 ὁ
339 1777 561 1861 πρεσβύτερος
584 1775 741 1859 κατέβαλε
763 1777 822 1840 τὸν
846 1777 1015 1860 νεώτερον.

87 1902 127 1965 of.
142 1899 217 1964 Her.
233 1923 261 1964 v.
278 1900 328 1964 73.
374 1899 465 1963 Adde
480 1899 583 1964 Plane.
599 1899 685 1962 Trin.
701 1900 781 1964 482:

613 2045 725 2086 verum
750 2023 836 2105 quod
860 2023 900 2085 ed
923 2027 1068 2086 ventrem
1091 2023 1216 2106 attineo,
1262 2076 1270 2084 .

132 2128 209 2193 Non
235 2128 342 2193 herele
370 2128 432 2193 hoe
459 2129 557 2213 longe
586 2126 643 2214 (se.
662 2129 711 2192 illi
730 2127 910 2214 decedam),
941 2130 1005 2192 nisi
1032 2151 1088 2192 me
1120 2131 1265 2213 pugnis

943 2235 1090 2298 vicerit.

88 2378 128 2442 ef.
143 2375 252 2440 Aulul.
266 2376 342 2439 410.
387 2373 427 2439 In
449 2377 570 2440 maiore
598 2375 798 2439 Philemonis
821 2377 1003 2460 fragmento
1018 2376 1052 2459 4‚·
1063 2374 1096 2439 ΙΙ
1109 2399 1139 2460 p.
1154 2376 1265 2440 479K.

87 2484 236 2547 lenonem
259 2482 351 2566 loqui
374 2483 438 2546 iem
462 2481 606 2546 Kookius
630 2483 763 2546 adnotat
786 2505 826 2546 ex
848 2482 913 2546 v.4
938 2481 1102 2566 colligens.
1149 2481 1265 2558 Quem-

88 2611 185 2672 quam
210 2592 317 2652 eutem
341 2589 470 2673 gravior
492 2589 577 2652 inier
598 2587 820 2652 Philemonem
845 2592 876 2651 et
899 2587 1061 2652 Herodem
1091 2610 1265 2654 consensus

87 2717 154 2759 non
182 2699 327 2778 apparet,
359 2698 468 2757 temen
496 2695 681 2758 universum
709 2693 866 2778 sermonis
894 2715 996 2779 genus
1026 2694 1199 2778 abruptum
1228 2715 1265 2760 ee

89 2801 266 2883 eoneisum,
295 2821 358 2882 quo
392 2803 423 2863 ei
455 2801 509 2864 hio
541 2804 573 2863 et
605 2799 673 2864 illie
704 2801 777 2864 leno
810 2801 926 2883 utitur,
959 2801 1100 2883 aliquam
1127 2823 1203 2884 prae
1232 2823 1265 2865 se

88 2907 152 2970 fem
179 2905 431 2970 similitudinem.
479 2903 558 2970 Cum
583 2905 658 2970 Her.
679 2906 782 2990 63eq.,
803 2906 896 2989 79eq.
925 2907 1108 2971 conferetur
1129 2906 1264 2971 Philem.

88 3035 117 3076 v.
135 3013 241 3094 lOeq.:

269 3133 380 3200 ἑστᾶσι
403 3137 540 3218 γυμναί·
563 3137 606 3217 μὴ
627 3134 838 3221 ’ξαπατηθῇς.
884 3134 986 3200 πάνθ’
1015 3136 1085 3221 ὅρα.

268 3242 329 3306 οὐκ
353 3236 391 3304 εὖ
415 3250 557 3305 σεαυτοῦ
580 3242 753 3325 τυγχάνεις
776 3239 874 3324 ἔχων·

90 3381 234 3464 Uterque
249 3381 410 3446 sordidam
425 3386 526 3447 artem
542 3382 717 3446 collaudet:
740 3382 794 3447 hio
815 3383 1011 3447 lenoeim'um
1035 3383 1265 3466 δημοτικὸν...

89 3498 223 3572 πρᾶγμα
245 3487 300 3552 καὶ
325 3491 488 3571 σωτήριον
516 3490 658 3571 appellet
681 3487 830 3574 (Philem.
845 3511 874 3551 v.
889 3485 933 3572 3),
956 3488 1011 3551 ille
1037 3488 1160 3551 meritis
1184 3487 1267 3550 The-

90 3593 174 3675 letis,
197 3614 293 3674 quem
318 3594 364 3656 sio
388 3613 420 3655 se
444 3594 617 3657 iactantem
640 3593 719 3656 feeit
742 3591 785 3678 (v.
802 3589 871 3678 16):
1059 3615 1060 3618 ¹
1177 3599 1179 3603 ’

717 3714 750 3792 ἐξ
766 3714 860 3798 Ἄκης
883 3713 1052 3798 ἐλήλονθα

303 3824 430 3905 πυροὺς
454 3822 545 3903 ἄγων
567 3824 712 3906 κῆστησα
734 3823 796 3904 τὴν
818 3823 922 3905 κακὴν
945 3824 1052 3904 λιμόν,

94 3985 151 4026 sue
179 3963 280 4046 ipsius
309 3963 459 4046 opponii,
491 3985 563 4027 oum
596 3965 703 4046 ipsum
736 3985 864 4046 quoque
892 3962 931 4026 de
958 3985 992 4026 re
1023 3963 1153 4047 publiea
1184 3963 1266 4028 bene

92 4069 207 4132 mereri
240 4069 325 4132 dieat
358 4070 472 4133 scortis
501 4068 586 4152 Tyro
620 4070 768 4133 advectis.
776 4066 801 4154 1)
858 4068 910 4133 Ab
947 4073 1085 4152 utroque
1118 4074 1265 4168 etuprum

181 4333 206 4399 1)
226 4330 336 4384 Battari
368 4331 453 4384 verbe
481 4331 543 4384 ooll.
567 4331 684 4385 Philem.
704 4349 729 4384 v.
750 4337 779 4386 8:
813 4338 910 4400 στῆσαι
941 4329 1096 4399 πριάμενον
1128 4339 1266 4399 γυναῖκας

93 4417 190 4471 dubito
206 4433 242 4470 an
257 4419 297 4472 sio
311 4419 460 4472 restituere
473 4418 571 4472 liceat:
592 4419 644 4488 ἐγὼ
660 4420 691 4472 δὲ
705 4419 811 4488 περνὰς
825 4418 855 4472 ἐκ
872 4419 966 4486 Τύρον
979 4422 1057 4489 τιτῷ
1071 4417 1149 4490 δήμῳ
1164 4417 1265 4488 ἴστημτ.
