2988 5084
253 322 330 375 nrm.
341 321 373 375 11.
739 364 782 371 -
828 327 872 390 20
917 365 961 372 -

252 503 417 566 rhetorum
437 501 669 585 perstrinxerit,
688 502 841 566 nimirum
860 525 926 567 non
945 509 981 568 ut
999 505 1087 588 ipsos
1106 506 1252 570 rhetores
1267 512 1439 592 artemque

252 609 447 672 rhetoricam
461 630 550 672 more
565 609 762 673 comicorum
776 614 921 674 veterum
936 611 1094 694 illuderet,
1118 613 1174 676 sed
1192 616 1229 676 ut
1247 614 1438 678 humilitate

252 717 353 779 totius
376 715 559 800 argumenti
581 714 700 779 mirum
723 716 757 778 in
780 716 912 779 modum
935 718 1231 802 magniloquentiae
1254 717 1438 785 rhetoricae

251 825 452 906 repugnante
474 822 557 884 risus
581 822 764 886 concitaret.
772 819 797 906 1)

344 926 546 1010 Quamquam
580 949 653 991 cum
681 926 829 992 Herodes
860 929 1000 994 carmine
1033 934 1103 994 toto
1132 930 1261 1012 quidem
1290 953 1357 996 non
1386 937 1438 994 est

252 1033 339 1116 quod
363 1055 402 1096 ex
426 1033 591 1097 comoedia
617 1037 703 1098 recte
727 1039 946 1117 componatur.
997 1035 1222 1100 Excludebant
1245 1039 1330 1102 enirn
1354 1040 1437 1102 talia

252 1139 367 1202 cornici
385 1143 575 1222 argumenta
592 1143 630 1203 ut
647 1140 796 1224 longiora
814 1144 911 1223 atque
925 1140 965 1204 ab
982 1141 1115 1205 incitato
1134 1142 1317 1206 fabularum
1337 1165 1436 1208 cursu

252 1246 366 1330 aliena,
390 1246 450 1308 etsi
474 1246 619 1330 singulos
642 1246 808 1309 rhetorum
830 1247 920 1310 locos
943 1246 997 1310 hio
1024 1247 1092 1310 illic
1115 1252 1147 1311 et
1170 1249 1233 1332 ipsi
1257 1249 1435 1334 attingunt,

252 1353 336 1416 sicut
354 1352 388 1415 in
406 1353 511 1434 vespis
526 1349 753 1434 Aristophanis
772 1373 831 1434 pro
851 1373 928 1416 cane
947 1353 1048 1416 altero
1068 1359 1254 1418 accusatore
1272 1353 1433 1420 Xanthias

252 1458 332 1522 haec
355 1459 479 1541 profert
502 1455 544 1542 (v.
561 1455 654 1542 915):

465 1565 522 1627 καί
542 1585 594 1626 τοι
617 1565 666 1638 τίς
690 1563 774 1644 ὑμᾶς
798 1557 835 1626 εὖ
859 1575 970 1628 ποιεῖν
994 1565 1182 1648 δυνήσεται,
1293 1595 1294 1598 “

466 1669 508 1752 ἣν
531 1671 575 1752 μή
598 1692 629 1732 τι
653 1668 752 1750 κάμοί
773 1692 821 1744 τις
844 1670 1015 1754 προβάλλῃ
1039 1678 1084 1756 τῷ
1104 1673 1194 1754 κοπίς

254 1793 391 1877 αὔξησις
415 1814 496 1876 quae
521 1793 639 1856 dicitur
662 1793 747 1875 apud
770 1793 924 1875 rhetores,
951 1794 1005 1857 hic
1027 1795 1269 1880 perstringitur:
1298 1797 1337 1859 cf.
1356 1795 1432 1860 Her.

251 1923 279 1963 v.
305 1900 399 1982 92sq.
454 1898 578 1963 Notum
612 1903 660 1962 est
693 1899 789 1962 etiarn
822 1898 909 1962 aliud
945 1900 1111 1963 rhetorum
1143 1901 1330 1985 artificium,
1367 1924 1432 1984 quo

251 2009 474 2089 paupertatem
504 2005 693 2088 praetendat
724 2027 797 2068 reus
825 2005 1024 2088 iocandoque
1058 2007 1200 2070 iudicum
1229 2009 1431 2073 severitatem

250 2109 391 2198 laniati)
429 2109 611 2194 Utrumque
625 2115 733 2175 autem
748 2116 797 2175 est
811 2111 897 2193 apud
912 2109 1170 2195 Aristophanem.
1205 2113 1244 2178 cf.
1254 2137 1340 2198 vesp.
1352 2114 1430 2178 967:

434 2213 459 2281 ὦ
484 2215 627 2300 δαιμόνι’
655 2215 738 2281 ἐλέει
760 2219 839 2292 τοὺς
862 2218 1210 2301 ταλαιπωρουμένους·
1478 2197 1479 2214 .

437 2319 535 2398 οὗτος
558 2323 620 2407 γὰρ
645 2322 663 2386 ὁ
688 2323 801 2406 Λάβης
824 2321 879 2386 καὶ
902 2324 942 2386 τὰ
967 2322 1113 2407 τραχήλι’
1142 2322 1249 2388 ἐσθίει

435 2429 491 2492 καὶ
514 2429 572 2504 τὰς
595 2427 752 2504 ἀκάνθας.

253 2553 332 2617 Ibid.
348 2551 414 2616 564
424 2575 464 2616 ss.
479 2557 511 2616 et
530 2551 609 2616 567:

297 2661 329 2724 ολ
349 2660 386 2724 δὲ
405 2656 604 2740 σκώπτουᾶ,
628 2656 671 2722 ἵν’
700 2656 764 2741 ἐγὼ
783 2658 911 2740 γελάσω
935 2656 990 2723 καὶ
1012 2660 1071 2723 τὸν
1094 2661 1207 2743 θυμὸν
1229 2660 1429 2742 κατάθωμαι.

342 2781 440 2865 Apud
458 2780 621 2844 Herodem
645 2803 711 2845 non
733 2783 770 2864 is,
795 2783 851 2865 qui
874 2783 1029 2866 arguitur,
1052 2782 1179 2864 Thales,
1203 2784 1259 2846 sed
1281 2785 1350 2866 ipse
1374 2786 1428 2866 qui

252 2889 374 2972 arguit,
413 2889 487 2951 leno
524 2889 614 2950 locos
648 2888 722 2950 illos
759 2887 903 2950 adhibet:
936 2888 975 2951 cf.
995 2889 1082 2950 mim.
1101 2885 1147 2970 H,
1171 2888 1275 2971 92sq,
1298 2889 1328 2973 4,
1354 2890 1425 2954 aas.

252 2993 346 3069 Quod
373 2997 565 3076 poetaque
593 2995 661 3056 erat
684 2992 794 3056 indicii
817 2991 1006 3075 subtilitate,
1030 2998 1115 3056 certa
1139 2995 1277 3076 quadam
1305 2998 1428 3060 ratione

252 3101 431 3163 instituisse
450 3098 585 3181 videtur,
608 3099 728 3162 nimiru
750 3103 821 3163 mut
843 3100 966 3181 lenoni,
989 3121 1128 3180 nequam
1157 3100 1279 3164 scilicet
1305 3101 1428 3166 homini

342 3295 368 3360 1)
388 3291 422 3344 of.
437 3289 559 3342 Hensius
579 3289 630 3342 sub
649 3289 733 3342 finem
753 3291 997 3343 commentationis
1017 3291 1129 3344 citatae.

342 3381 369 3448 ⁶2)
390 3377 424 3432 cf.
449 3376 622 3444 Volkmann,
650 3377 795 3431 Rhetorc't'
813 3395 840 3445 p.
857 3382 954 3444 284sq.
1002 3377 1128 3431 Ioculare
1151 3377 1294 3445 quoddam
1318 3380 1428 3434 dicendi

253 3484 342 3536 genus
357 3467 491 3520 exhibent
504 3462 624 3534 παίγνια
639 3481 750 3533 quoque
764 3465 815 3518 illa
829 3468 971 3519 oratorum
980 3454 1138 3519 Atticorum
1147 3467 1224 3519 velut
1233 3467 1342 3535 Lysiae,
1357 3485 1427 3536 quae

252 3555 396 3624 quandam
423 3555 581 3608 mimiambi
610 3555 726 3608 secundi
752 3554 968 3608 similitudinem
991 3571 1059 3622 prae
1083 3571 1113 3608 se
1136 3554 1209 3608 ferre
1228 3553 1340 3609 (husius
1358 3555 1428 3611 bene

251 3645 362 3697 monuit
384 3643 415 3696 in
432 3642 561 3696 translat.
577 3661 604 3710 p.
620 3641 691 3694 VIII.
729 3642 824 3696 Etiam
846 3642 980 3696 Horatius
1000 3643 1138 3696 eiusmodi
1158 3643 1315 3711 exemplum
1333 3648 1427 3698 narrat

252 3735 316 3799 (sat.
330 3731 351 3798 I,
368 3735 394 3800 7)
419 3731 565 3784 ‘omnibus
590 3733 619 3784 ct
641 3731 728 3798 lippis
751 3733 850 3784 notum
874 3733 902 3784 et
920 3731 1100 3784 tonsoribus'.
1149 3729 1340 3785 Clazomenius
1368 3733 1428 3800 qui·

252 3821 327 3889 dam,
348 3821 393 3874 cui
413 3822 456 3874 est
470 3835 571 3873 nomen
586 3819 706 3886 Persius,
727 3819 823 3872 ‘durus
842 3818 925 3872 homo
941 3861 991 3885 ...,
1012 3819 1152 3872 confidens
1167 3819 1301 3886 tumidus,
1317 3862 1358 3875 ...
1373 3837 1426 3873 ser-

252 3910 344 3962 monis
365 3909 464 3962 amari’
488 3909 569 3962 litem
592 3907 680 3961 habet
699 3924 762 3960 oum
780 3907 810 3960 P.
826 3907 940 3976 Rupilio
958 3908 1048 3976 Rege
1067 3907 1113 3976 (cf.
1128 3926 1153 3960 v.
1169 3910 1268 3976 22sq.).
1306 3908 1369 3962 Non
1387 3910 1427 3962 in-

251 3997 334 4050 ficete
347 3997 459 4050 Persius
474 4014 498 4049 v.
515 4001 560 4050 33:

679 4082 873 4137 permagnos,
892 4066 987 4134 Brute,
1007 4066 1073 4118 deos
1092 4068 1121 4118 te

503 4171 560 4222 oro,
579 4155 628 4223 qui
646 4171 727 4224 reges
746 4155 888 4209 consueris
906 4155 1013 4221 tollere,
1033 4171 1082 4208 cur
1100 4171 1156 4208 non

502 4243 578 4296 huno
596 4243 703 4312 Regem
721 4244 852 4313 iugulas?

252 4331 328 4385 Tota
346 4331 424 4384 Persi
443 4331 517 4385 actio
537 4333 580 4385 est
598 4331 708 4384 Battari
726 4331 804 4384 haud
822 4332 864 4385 ita
883 4330 1037 4384 dissimilis.
1074 4331 1173 4384 Risum
1196 4332 1314 4399 uterque
1336 4337 1425 4388 movet

253 4420 444 4487 audientium
464 4421 494 4473 in
513 4420 620 4473 iudices
638 4419 746 4488 laudes,
764 4421 867 4489 probra
885 4421 916 4473 in
935 4420 1109 4474 adversarios
1128 4419 1314 4474 cumulantur.
