2988 5084
75 319 206 387 namu,
226 324 321 386 nu.
566 358 608 366 -
654 322 695 384 27
739 359 787 398 *-

75 501 228 564 foramen
250 521 364 580 umae‚
393 519 457 580 quo
481 496 617 562 tabellae
642 498 905 581 demittebantur,
934 498 1007 562 culo
1031 502 1198 581 comparat
1220 503 1257 562 ut

74 607 233 670 Battarus
257 604 455 688 clepsydrae:

172 733 262 795 ἔστιν
285 731 414 812 ἄγαλμα
504 728 705 811 ἀνθρώπους
726 731 839 794 τίκτον
861 731 943 794 κατὰ
965 735 1026 813 τήν
1048 731 1167 812 πυγὴν.

77 872 197 936 Faceta
228 872 308 935 haec
343 871 465 934 Eubuli
501 872 683 956 aenigmata
719 872 827 935 nescio
865 893 906 934 an
942 871 1073 956 cognita
1109 871 1258 936 habuerit

78 977 317 1042 Alexandrinus
349 979 457 1061 poeta3
494 976 578 1058 quod
612 977 639 1040 si
675 1000 786 1041 verum
823 982 884 1059 est,
925 998 1010 1041 novo
1048 978 1258 1041 confirmatur

78 1084 200 1148 indicio
224 1083 528 1148 Hensiisententia.

171 1231 199 1271 v.
216 1208 271 1271 71:
824 1204 849 1271 ὦ
874 1210 994 1292 Γῆρας,

243 1312 296 1378 σοὶ
320 1312 442 1396 θυέτω,
465 1311 534 1377 ἐπεὶ
557 1314 593 1377 τὸ
618 1305 685 1393 αἷμ’
713 1312 756 1378 ἂν
777 1311 981 1397 ἐξεφύσησεν

243 1421 353 1504 ὥσπερ
375 1421 540 1495 Φίλιππος
563 1417 600 1484 ἐν
619 1421 721 1507 Σάμῳ
745 1417 849 1484 κοτ’ὁ
873 1419 1029 1504 Βρέννος.

172 1560 298 1644 Nempe
321 1582 427 1625 merae
450 1563 530 1625 istae
554 1565 629 1625 sunt
648 1562 753 1625 minae
771 1562 912 1626 hominis
936 1560 1044 1625 mollis
1063 1566 1095 1626 et
1114 1563 1258 1626 enervati

81 1689 186 1750 neque
223 1689 304 1749 quae
341 1668 483 1731 minatur
514 1688 666 1752 peragere
699 1668 885 1752 cogitantis3
926 1667 966 1730 ad
998 1669 1125 1732 irritum
1157 1669 1259 1753 igitur

83 1774 203 1837 cadunt
235 1778 267 1836 et
299 1773 524 1837 tantummodo
556 1775 657 1838 risum
690 1774 854 1838 concitant
886 1776 1045 1840 audientis
1079 1772 1132 1859 (ef.
1147 1797 1175 1838 v.
1192 1774 1258 1860 74).

83 1877 137 1943 Sic
160 1880 194 1942 in
213 1881 378 1943 comoedia
397 1901 525 1962 quoque
543 1881 783 1944 tumultuantur
805 1881 972 1964 minasque
996 1882 1125 1963 iactant,
1149 1903 1259 1963 quam-

84 2008 180 2069 quam
194 1985 347 2049 lenonum
366 1985 521 2060 mollities
539 1987 574 2050 in
593 1987 763 2068 proverbio
783 1990 839 2050 est.
847 1985 871 2072 1)
910 1988 948 2051 ef.
963 1987 1067 2052 Plaut.
1081 1986 1163 2050 Rud.
1180 1989 1258 2052 710:

175 2091 315 2154 Labrax:
339 2089 455 2173 Iniqua
477 2092 558 2156 haec
581 2093 687 2175 patior
710 2113 783 2156 oum
806 2094 911 2175 pretio
935 2098 1000 2157 tuo.
1075 2079 1077 2082 ⁵

172 2197 261 2262 Dae:
285 2196 330 2261 Aa
352 2199 449 2262 etiam
473 2199 642 2262 minitatur
664 2198 776 2262 audax.

83 2309 114 2370 et
131 2305 207 2369 789:

216 2410 347 2492 Verum,
370 2432 476 2493 senex,
500 2412 527 2475 si
549 2415 581 2474 te
604 2431 748 2493 unquam
771 2412 806 2475 in
828 2411 908 2475 urbe
932 2413 1105 2496 offendero,

215 2516 401 2600 Numquam
424 2518 532 2581 hercle
556 2518 727 2601 quisquam
751 2540 801 2580 me
825 2519 974 2582 lenonem
998 2519 1124 2602 dixerit,

217 2621 252 2686 Si
275 2626 307 2686 te
329 2644 396 2686 non
418 2623 512 2686 ludos
535 2644 702 2706 pessumos
726 2624 900 2688 dimissero.

84 2747 122 2810 cf.
138 2746 241 2810 Plaut.
255 2746 340 2810 Pers.
357 2746 435 2810 793:

128 2869 271 2934 Dordal.:
294 2871 344 2935 Ne
375 2873 418 2935 sis
446 2893 497 2934 me
524 2892 590 2935 uno
619 2871 721 2956 digito
750 2873 911 2957 attigeris:
944 2895 984 2936 ne
1012 2878 1044 2937 te
1072 2873 1113 2936 ad
1130 2877 1258 2957 terram,

883 2981 994 3064 scelus,
1017 2979 1178 3063 adfligam.

85 3084 162 3146 819:
451 3083 523 3168 Ego
548 3083 604 3166 pol
627 3105 684 3148 vos
708 3083 884 3148 eradicabo.

86 3189 162 3253 846:
207 3190 258 3272 ui,
282 3189 418 3272 colapho
442 3212 494 3253 me
517 3189 581 3253 icit.
626 3188 750 3252 Malum
773 3190 865 3254 vobis
889 3189 972 3254 dabo
999 3228 1036 3236 —

85 3297 138 3360 sed
161 3295 208 3360 nil
229 3296 334 3360 facere
357 3295 460 3360 audet.

74 3481 75 3485 ,
171 3442 200 3484 v.
217 3419 271 3484 74:
406 3421 555 3495 κίναιδός
578 3421 645 3501 εἰμι
664 3418 718 3484 καὶ
742 3421 803 3484 οὐκ
827 3419 1034 3503 ἀπαρνοῦμαι

243 3524 298 3590 καὶ
321 3526 490 3610 Βάτταρός
512 3548 569 3606 μοι
591 3523 727 3606 τοῦνομ’
754 3523 833 3607 ἐστί,
857 3525 902 3608 χώ
926 3525 1056 3601 πάππος

243 3629 285 3714 ἦν
308 3655 365 3714 μοι
388 3634 584 3716 Σισυμβρᾶς
607 3631 652 3714 χώ
676 3633 782 3715 πατὴρ
807 3633 1066 3715 Σισνμβρίσκος,

243 3739 534 3822 κήπορνοβόσκευν
556 3739 683 3813 πάντες.

172 3877 245 3956 Ηοο
266 3881 338 3943 loco
363 3880 466 3943 oratio
495 3880 620 3942 cinaedi
647 3879 688 3943 ad
716 3900 875 3942 summam
903 3878 1009 3963 surgit
1036 3880 1128 3960 quasi
1155 3880 1259 3963 gravi-

85 3991 184 4049 tatem
216 3989 313 4068 atque
345 3985 551 4070 dignitatem3
587 3985 642 4048 vix
674 3988 783 4068 potest
814 3983 961 4048 lestivius
998 3983 1170 4067 quicquam
1203 3989 1259 4047 ant

86 4091 245 4156 efficacius
269 4092 455 4176 excogitari.
501 4091 601 4173 Atqui
624 4090 782 4154 simillimi
805 4091 1013 4154 inveniuntur
1035 4090 1070 4153 in
1093 4091 1258 4162 comoedia

84 4197 156 4280 loci,
179 4201 216 4260 ut
235 4195 355 4262 Sannio
380 4197 415 4261 in
433 4195 590 4280 Adelphis
609 4195 739 4261 Terenti
762 4200 913 4278 quaestus
936 4196 1169 4279 turpitudinem
1193 4218 1258 4259 non

176 4428 202 4494 1)
221 4424 257 4478 ef.
271 4425 365 4478 Aulul.
381 4430 445 4478 422:
465 4424 580 4488 mollior,
594 4425 685 4494 magis
705 4441 789 4491 quam
808 4423 882 4476 ullus
902 4422 1043 4477 cinaedus.
